2083 3462
125 104 202 146 504

126 234 181 276 de
198 230 344 275 vobis:
376 224 646 271 Devoratrix
662 222 907 266 hominum
925 219 1009 273 eS,⁶
1030 224 1072 264 et
1088 219 1313 263 suffocans
1329 220 1511 274 gentem
1530 215 1703 259 tuam:⁷
1741 215 1806 259 14.
1831 214 1968 272 Prop-

125 298 246 335 terea
268 287 475 331 homines
498 298 590 326 non
612 281 816 325 comedes
837 279 1049 335 amplius,
1070 283 1114 321 et
1133 282 1315 334 gentem
1338 282 1466 319 tuam
1491 289 1583 318 non
1608 273 1788 317 necabis
1811 272 1968 325 ultra,⁸

126 349 192 394 ait
213 346 438 390 Dominus
460 343 598 385 Deus:
662 341 727 382 15.
761 339 851 381 Nec
872 337 1079 380 auditam
1102 335 1265 378 faciam
1290 335 1339 377 in
1360 339 1403 377 te
1424 332 1624 389 amplius
1655 331 1968 375 confusionem

127 406 358 454 Gentium,
399 407 442 444 et
476 397 772 456 opprobrium
809 395 1084 452 populorum
1121 407 1415 450 nequaquam
1457 390 1670 447 portabis,
1702 394 1745 432 et
1784 395 1968 445 gentem

126 471 253 508 tuam
296 475 385 504 non
429 458 607 501 amittes
648 453 883 511 amplius,⁹
921 454 983 496 ait
1028 453 1252 495 Dominus
1295 451 1427 493 Deus.
1499 450 1564 491 16.
1598 448 1656 490 Et
1691 448 1861 490 factum
1904 452 1970 491 est-

128 522 317 566 verbum
353 516 539 560 Domini
563 514 621 557 ad
643 528 727 565 me,
749 513 922 555 dicens:
986 513 1053 555 17.
1084 510 1174 552 Fili
1198 508 1399 551 hominis
1433 506 1596 549 domus
1631 505 1769 548 Israel
1794 505 1970 548 habita-

128 583 293 623 verunt
325 577 374 618 in
409 575 551 616 humo
584 587 679 623 sua,
712 582 753 614 et
776 570 1041 627 polluerunt
1061 583 1161 611 eam
1184 568 1234 609 in
1257 567 1343 610 viis
1365 566 1471 616 suis,
1505 570 1548 607 et
1570 565 1616 606 in
1641 563 1806 606 studiis
1839 564 1932 606 suis
1943 562 1971 585 ¹⁰

121 638 256 694 juxta
290 631 638 677 immunditiam
661 633 968 672 menstruatae
989 628 1106 670 facta
1127 631 1191 668 est
1213 625 1288 668 via
1310 638 1467 667 eorum
1490 637 1641 665 coram
1667 636 1750 665 me.
1813 623 1880 665 18.
1912 621 1972 664 Et

127 694 268 738 effudi
291 690 657 746 indignationem
681 702 828 730 meam
848 701 982 742 super
998 700 1071 728 eos
1089 699 1168 741 pro
1186 683 1424 737 sanguine,
1446 695 1582 737 quem
1602 680 1820 722 fuderunt
1836 693 1972 736 super

126 759 308 802 terram,
342 755 385 793 et
407 750 452 791 in
477 747 611 790 idolis
644 746 736 788 suis
760 744 1023 802 polluerunt
1055 757 1168 786 eam.
1231 743 1296 784 19.
1329 741 1387 782 Et
1409 739 1596 794 dispersi
1621 753 1693 781 eos
1715 738 1762 780 in
1793 738 1972 790 Gentes,

128 818 171 854 et
193 808 400 853 ventilati
434 813 542 848 sunt
576 806 622 847 111
661 810 819 846 terras:
846 803 982 857 juxta
1015 801 1112 843 vias
1145 814 1316 850 eorum,
1352 803 1395 841 et
1427 797 1778 839 adinventiones
1813 809 1972 839 eorum

122 867 326 925 judicavi
365 880 449 908 eos,
511 865 577 906 20.
610 863 669 905 Et
701 861 890 917 ingressi
927 864 1034 902 sunt
1069 859 1127 901 ad
1164 859 1341 907 Gentes,
1378 856 1435 898 ad
1470 870 1583 911 quas
1606 854 1896 906 introierunt,
1928 858 1975 897 et

127 926 392 983 polluerunt
432 936 599 965 nomen
641 926 850 962 sanctum
893 916 1098 969 meum,¹¹
1142 931 1246 959 cum
1289 915 1514 957 diceretur
1554 913 1610 956 de
1651 912 1733 955 eis:
1768 911 1974 966 Populus

129 983 316 1027 Domini
352 983 433 1024 iste
466 985 542 1032 est,
576 984 619 1022 et
652 978 707 1021 de
740 983 858 1020 terra
891 976 986 1032 ejus
1019 975 1181 1031 egressi
1216 978 1334 1016 sunt.
1396 973 1463 1014 21.
1497 971 1555 1014 Et
1589 970 1765 1027 peperci
1794 969 1975 1013 nomini

127 1047 282 1086 sancto
306 1038 455 1090 meo,¹2
486 1037 606 1094 quod
633 1036 855 1092 polluerat
876 1035 1038 1077 domus
1063 1032 1199 1076 Israel
1233 1032 1279 1074 in
1300 1029 1536 1080 Gentibus,
1566 1029 1622 1072 ad
1647 1043 1760 1085 quas
1782 1027 1976 1085 ingressi

128 1106 246 1143 sunt.
309 1100 374 1141 22.
408 1097 580 1140 Idcirco
614 1095 734 1137 dices
768 1093 925 1136 domui
961 1091 1119 1134 Israel:
1154 1091 1279 1132 Haec
1302 1089 1412 1131 dicit
1435 1088 1661 1130 Dominus
1695 1087 1834 1130 Deus:
1870 1086 1973 1130 Non

129 1163 311 1217 propter
329 1171 405 1198 vos
422 1170 503 1211 ego
526 1154 702 1204 faciam,
725 1152 887 1194 domus
910 1150 1061 1200 lsrael,
1084 1149 1159 1191 sed
1183 1153 1363 1204 propter
1386 1160 1551 1189 nomen
1575 1150 1784 1188 sanctum
1804 1159 1976 1197 meum,

129 1216 252 1274 quod
271 1214 497 1272 polluistis
515 1213 561 1254 in
581 1211 816 1261 Gentibus,
839 1209 895 1251 ad
915 1223 1027 1264 quas
1044 1207 1258 1249 intrastis.
1321 1207 1387 1247 ⁶23.
1422 1205 1479 1247 Et
1495 1203 1786 1246 sanctificabo
1804 1217 1975 1246 nomen

129 1289 285 1318 meum
328 1285 563 1328 magnum,
604 1269 725 1325 quod
764 1267 992 1324 pollutum
1031 1271 1095 1309 est
1132 1266 1250 1307 inter
1286 1264 1464 1314 Gentes,
1501 1262 1623 1318 quod
1662 1260 1887 1318 polluistis
1923 1260 1974 1304 in

128 1332 281 1376 medio
303 1345 480 1374 earum:
514 1334 564 1371 ut
586 1327 731 1370 sciant
753 1327 930 1376 Gentes,
964 1325 1073 1380 quia
1096 1338 1176 1378 ego
1201 1323 1438 1373 Dominus,
1471 1322 1536 1363 ait
1559 1320 1785 1362 Dominus
1807 1319 1976 1362 exerci-

129 1398 277 1440 tuum,
311 1403 412 1431 cum
450 1386 756 1429 sanctificatus
789 1385 914 1426 fuero
949 1383 995 1424 in
1021 1382 1148 1424 vobis
1171 1396 1319 1424 coram
1345 1380 1426 1423 eis:
1489 1380 1555 1421 24.
1589 1378 1769 1420 Tollam
1803 1377 1975 1434 quippe

131 1464 210 1492 vos
232 1448 286 1490 de
309 1446 544 1496 Gentibus,
565 1449 608 1486 et
629 1442 910 1498 congregabo
934 1456 1012 1483 vos
1033 1440 1088 1483 de
1111 1439 1337 1482 universis
1359 1438 1501 1488 terris,
1523 1442 1566 1480 et
1583 1436 1907 1490 adducamvos
1925 1435 1976 1478 in

130 1515 298 1551 terram
342 1510 550 1547 vestram.
620 1502 686 1543 25.
729 1501 785 1542 Et
825 1499 1060 1541 effundam
1103 1513 1236 1553 super
1280 1512 1357 1539 vos
1398 1510 1567 1552 aquam
1612 1492 1891 1545 mundam‚¹³
1931 1498 1975 1536 et

132 1562 476 1608 mundabimini
512 1560 568 1603 ab
602 1559 816 1602 omnibus
851 1557 1216 1612 inquinamentis
1240 1555 1410 1607 vestris,
1444 1560 1488 1596 et
1508 1553 1565 1596 ab
1593 1552 1818 1596 universis
1841 1551 1976 1595 idolis

132 1622 290 1666 vestris
314 1619 545 1663 mundabo
570 1632 659 1660 vos.
724 1618 789 1659 26.
823 1616 880 1657 Et
902 1615 1019 1657 dabo
1044 1614 1170 1657 vobis
1193 1629 1267 1656 cor
1290 1627 1476 1663 novum,
1499 1618 1542 1655 et
1562 1611 1775 1668 spiritum
1800 1624 1976 1653 novum

131 1694 299 1738 ponam
323 1679 370 1721 in
395 1677 544 1720 medio
567 1675 722 1719 vestri:
755 1679 798 1717 et
818 1674 1019 1716 auferam
1045 1687 1119 1715 cor
1142 1672 1373 1728 lapideum
1394 1671 1448 1713 de
1465 1685 1600 1713 carne
1619 1675 1778 1721 vest-ra,
1801 1674 1844 1711 et
1857 1667 1975 1711 dabo

133 1739 260 1782 vobis
293 1752 368 1780 cor
401 1749 629 1779 carneum.
691 1734 756 1777 27.
791 1733 845 1774 Et
880 1732 1091 1788 spiritum
1129 1745 1280 1773 meum
1308 1744 1472 1786 ponam
1498 1729 1547 1771 in
1571 1728 1721 1770 medio
1745 1727 1900 1770 vestri:
1933 1731 1978 1770 et

130 1797 294 1840 faciam
330 1800 381 1837 ut
414 1794 461 1836 in
499 1792 746 1849 praeceptis
780 1790 892 1832 meis
925 1789 1182 1841 ambuletis,
1217 1794 1259 1831 et
1286 1788 1462 1843 judicia
1490 1801 1590 1829 mea
1623 1785 1900 1837 custodiatis,
1933 1790 1978 1828 et

132 1853 395 1912 operemini.
457 1853 522 1893 28.
557 1851 613 1892 Et
647 1848 913 1892 habitabitis
935 1848 984 1889 in
1016 1853 1146 1898 terra,
1180 1861 1320 1902 quam
1355 1846 1459 1888 dedi
1483 1844 1688 1902 patribus
1723 1844 1900 1886 vestris:
1933 1847 1977 1886 et.

132 1913 256 1956 eritis
292 1911 406 1953 mihi
441 1910 489 1952 in
520 1908 754 1965 populum,
788 1912 830 1949 et
863 1921 943 1962 ego
965 1920 1038 1948 ero
1061 1905 1189 1948 vobis
1212 1906 1258 1946 in
1286 1905 1446 1947 Deum.
1509 1905 1574 1946 29.
1609 1903 1666 1945 Et
1687 1902 1874 1945 salvabo
1897 1915 1977 1944 vos

132 1987 188 2015 ex
207 1969 430 2013 universis
449 1965 811 2022 inquinamentis
830 1964 1005 2006 vestris:
1030 1969 1072 2006 et
1090 1963 1258 2005 vocabo
1276 1964 1575 2011 frumentum,
1597 1966 1640 2004 et
1658 1959 1976 2017 multiplicabo

133 2029 249 2072 illud
274 2033 316 2071 et
338 2041 430 2069 non
453 2026 687 2080 imponam
713 2023 840 2065 vobis
862 2023 1043 2064 famem.
1104 2023 1170 2064 30.
1206 2021 1263 2063 Et
1286 2020 1603 2076 multiplicabo
1626 2020 1826 2062 fructum
1846 2017 1977 2074 ligni,

133 2095 175 2130 et
197 2086 433 2143 genimina
467 2083 577 2138 agri,
611 2089 662 2123 ut
685 2096 775 2123 11011
809 2080 994 2136 portetis
1028 2079 1149 2122 ultra
1182 2080 1476 2135 opprobrium
1512 2078 1645 2120 famis
1668 2078 1715 2119 in
1741 2076 1976 2119 Gentibus.

133 2148 200 2188 31.
235 2145 292 2186 Et
315 2140 664 2186 recordabimini
691 2139 867 2181 viarum
895 2144 1144 2181 vestrarum
1170 2138 1483 2193 pessimarum,
1505 2136 1857 2191 studiorumque
1883 2148 1976 2177 non

134 2204 379 2246 bonorum:
412 2206 455 2242 et
491 2197 796 2254 displicebunt
835 2196 959 2238 vobis
997 2196 1262 2252 iniquitates
1300 2202 1484 2246 vestrae,
1525 2199 1568 2237 et
1608 2193 1775 2236 scelera,
1817 2198 1976 2235 vestra.

136 2263 202 2303 32.
235 2260 335 2302 Non
373 2262 552 2314 propter
586 2270 663 2298 vos
696 2269 777 2310 ego
810 2255 988 2304 faciam,
1021 2254 1085 2296 ait
1122 2254 1346 2295 Dominus
1382 2253 1514 2303 Deus,
1550 2258 1710 2294 notum
1743 2251 1801 2294 sit
1829 2250 1977 2293 vobis:

135 2316 489 2365 confundimini,
523 2320 565 2357 et
587 2313 832 2356 erubescite
866 2327 1000 2368 super
1034 2312 1121 2354 viis
1145 2312 1315 2363 vestris,
1349 2311 1512 2353 domus
1536 2309 1688 2352 Israel.
1750 2310 1817 2352 33.
1850 2309 1978 2351 Haec

134 2377 247 2419 «licit
270 2375 495 2417 Dominus
520 2373 657 2414 Deus:
693 2371 745 2412 In
770 2371 855 2420 die,
889 2385 981 2425 qua
1002 2369 1286 2412 mundavero
1310 2384 1387 2410 vos
1409 2383 1464 2410 ex
1486 2368 1701 2410 omnibus
1723 2367 1980 2424 iniquitati·

135 2436 220 2478 bus
254 2432 425 2483 vestris,
458 2436 500 2473 et
533 2429 782 2471 inhabitari
818 2429 959 2470 fecero
994 2428 1139 2477 urbes,
1173 2428 1548 2469 ‹et-instauravero
1578 2426 1776 2477 ruinosa,
1837 2426 1904 2468 34.
1937 2429 1980 2467 et

135 2500 252 2536 terra
276 2492 449 2533 deserta
473 2489 607 2531 fuerit
629 2487 823 2537 exculta,
857 2500 973 2541 quae
996 2485 1230 2541 quondam
1255 2491 1347 2527 erat
1372 2484 1571 2527 desolata
1594 2485 1642 2526 in
1664 2483 1807 2526 oculis
1829 2483 1980 2526 omnis

137 2550 335 2601 viatoris,
397 2549 463 2590 35.
496 2547 665 2588 dicent:
698 2545 835 2587 Terra
857 2544 938 2585 illa
960 2543 1147 2589 inculta.
1182 2544 1295 2585 facta
1320 2548 1383 2585 est
1411 2548 1459 2584 ut
1482 2543 1639 2585 hortus
1674 2539 1981 2598 voluptatis:¹⁴

135 2615 177 2652 et
215 2608 420 2651 civitates
456 2605 668 2652 desertae,
709 2608 752 2645 et
787 2602 1028 2644 destitutae
1064 2606 1201 2656 atque
1237 2602 1462 2650 suffossae,
1505 2601 1712 2643 inunitae
1753 2600 1979 2643 sederunt.

136 2668 204 2709 36.
238 2666 294 2707 Et
328 2664 470 2707 scient
503 2662 667 2704 Gentes
701 2674 1017 2716 quaecumque
1052 2659 1290 2701 derelictae
1324 2660 1494 2701 fuerint
1529 2660 1576 2700 111
1600 2659 1793 2701 circuitu
1817 2664 1980 2708 vestro,

134 2724 245 2781 quia
266 2737 348 2779 ego
372 2720 596 2764 Dominus
617 2718 851 2761 aedificavi
877 2717 1105 2773 dissipata,
1129 2717 1425 2773 plantavique
1448 2717 1634 2764 inculta,
1658 2732 1738 2769 ego
1756 2716 1982 2758 Dominus

138 2783 314 2825 locutus
347 2780 446 2831 sim,
479 2784 523 2821 ct
555 2778 748 2820 fecerim.
809 2777 875 2819 37.
910 2775 1035 2817 Haec
1068 2775 1180 2817 dicit
1209 2775 1432 2817 Dominus
1462 2775 1599 2817 Deus:
1634 2775 1801 2817 Adhuc
1824 2774 1872 2816 in
1896 2773 1981 2816 hoc

137 2839 377 2884 invenient
398 2852 470 2879 me
491 2836 653 2878 domus
676 2834 828 2883 Israel,
862 2838 912 2875 ut
933 2833 1096 2875 faciam
1120 2833 1199 2875 eis:
1234 2833 1532 2889 Mutiplicabo
1555 2848 1627 2874 eos
1649 2834 1765 2875 sicut
1797 2845 1981 2888 gregem

139 2898 397 2948 hominum,
459 2895 525 2936 38.
569 2898 620 2935 ut
655 2907 836 2948 gregem
860 2896 1082 2941 sanctum,
1117 2896 1167 2933 ut
1188 2905 1367 2946 gregem
1395 2891 1645 2933 Jerusalem
1685 2891 1731 2932 in
1771 2889 1983 2932 solemni-

138 2956 308 3000 tatibus
349 2954 462 3009 ejus:
506 2951 579 2995 Sic
621 2956 755 2993 erunt
788 2950 991 2992 civitates
1025 2949 1235 2999 desertae,
1273 2944 1434 3005 plenae
1467 2948 1681 3005 gregibus
1717 2948 1982 2991 hominum:

139 3020 183 3057 et
203 3014 346 3057 scient
378 3011 488 3068 quia
517 3024 598 3066 ego
630 3008 865 3051 Dominus.
