2083 3462
368 366 593 417 LIBER
635 366 1022 417 SECUNDUS
1064 367 1702 418 MACHABAEORUM.

917 500 1086 566 Caput
1130 499 1168 548 Ι.

175 633 212 674 1-
247 629 611 679 FRATRIBUS,
655 630 733 683 (lui
769 634 876 672 sunt
913 644 992 685 per
1027 630 1322 685 Aegyptum,¹
1357 631 1542 673 Judaeis
1577 631 1768 674 salutem
1804 631 1966 674 dicunt

117 689 286 740 fratres
324 689 402 744 qui
439 694 543 730 sunt
583 688 628 728 in
668 688 976 742 Jerosolymis,
1013 688 1190 738 Judaei,
1228 695 1271 731 et
1307 690 1385 745 qui
1426 690 1470 730 in
1499 691 1680 744 regione
1702 689 1902 732 Judaeae
1925 696 1967 731 et

117 761 272 804 pacem
308 747 489 788 bonam.
551 746 588 787 2.
624 745 881 788 Benefaciat
917 746 1044 787 vobis
1079 746 1211 796 Deus,
1245 754 1289 788 et
1319 748 1578 789 meminerit
1602 748 1859 789 testamenti
1884 748 1967 798 sui,

116 804 239 861 quod
264 804 439 846 locutus
473 811 538 846 est
571 803 626 845 ad
666 803 914 853 Abraham,
944 809 985 845 et
1010 804 1146 854 Isaac,
1169 812 1210 846 et
1232 804 1372 846 Jacob
1395 820 1628 847 servorum
1653 819 1837 847 suorum
1864 805 1969 847 fide-

117 863 255 906 lium:
318 863 354 904 3.
387 868 430 904 et
451 861 524 903 det
550 861 676 904 vobis
707 876 781 904 cor
803 861 1018 903 omnibus
1042 868 1091 903 ut
1113 862 1269 904 colatis
1292 877 1411 912 eum,
1434 869 1476 904 et
1497 863 1670 905 faciatis
1691 864 1787 917 ejus
1811 862 1969 905 volun-

119 927 256 964 tatem
281 920 413 962 corde
448 934 628 974 magno.
650 925 692 962 et
714 919 870 961 animo
893 919 1076 961 volent-i.
1139 921 1175 961 4.
1210 920 1458 975 Adaperiat
1480 936 1551 963 cor
1576 926 1775 963 vestrum
1801 921 1848 962 in
1873 921 1969 976 lege

116 993 211 1030 sua,
245 984 288 1021 et
323 979 369 1020 in
394 978 641 1033 praeceptis
663 978 769 1027 suis,
791 983 832 1020 et
857 977 991 1019 faciat
1013 992 1181 1033 pacem.
1224 979 1261 1020 5.
1297 978 1527 1020 Exaudiat
1545 979 1768 1020 orationes
1788 984 1968 1030 vestras,

117 1043 161 1080 et·
183 1036 498 1078 reconcilietur
533 1035 671 1084 vobis,
707 1050 787 1078 nec
811 1050 887 1077 vos
911 1035 1082 1077 deserat
1107 1036 1154 1077 in
1179 1041 1378 1091 tempore
1403 1036 1534 1078 malo.
1596 1040 1634 1078 6.
1668 1036 1725 1078 Et
1748 1051 1871 1078 nunc
1895 1036 1968 1078 hic

116 1109 275 1137 snmus
297 1099 475 1136 orantes
498 1109 577 1149 pro
603 1093 739 1136 vobis.
803 1095 839 1136 7.
873 1093 1112 1148 Regnante
1143 1093 1384 1144 Demetrio,
1402 1109 1523 1135 anno
1546 1093 1814 1136 centesimo²
1844 1108 1968 1137 sexa-

116 1153 288 1209 gesimo
312 1167 446 1202 110110,
469 1167 549 1194 nos
571 1151 734 1194 Judaei
759 1151 1023 1206 scripsimus
1047 1150 1197 1193 vobis³
1229 1152 1273 1192 in
1294 1151 1602 1202 tribulatione,
1619 1159 1662 1194 et·
1680 1153 1869 1207 impetu,
1887 1154 1968 1208 qui

117 1211 381 1267 supervenit
404 1209 533 1252 nobis
555 1209 600 1251 in
627 1210 722 1252 istis
745 1210 891 1259 annis,
914 1224 969 1251 ex
992 1223 1082 1265 quo
1106 1210 1283 1251 recessit
1304 1210 1466 1251 Jason⁴
1498 1225 1522 1251 a
1545 1216 1700 1252 sancta
1722 1215 1852 1261 terra,
1882 1216 1967 1252 eta

116 1283 267 1325 regno.
329 1269 367 1310 8.
401 1268 583 1310 Portam
607 1266 977 1318 succenderunt,⁵
1008 1272 1050 1309 et
1072 1267 1332 1309 effuderunt
1357 1269 1630 1323 sanguinem
1655 1268 1964 1310 innocentem:

115 1334 158 1370 et
178 1327 412 1369 oravimus
435 1326 490 1368 ad
516 1326 783 1375 Dominum,
805 1331 847 1367 et
868 1325 1071 1367 exauditi
1097 1340 1267 1376 sumus,
1289 1331 1332 1367 et
1353 1325 1604 1367 obtulimus
1622 1326 1908 1375 sacrificium,
1923 1333 1967 1368 ct

114 1383 462 1440 si1nilaginem,⁶
492 1390 534 1426 et
557 1383 1082 1434 accendimuslucernas,
1106 1389 1148 1425 et
1167 1384 1483 1439 proposuimus
1502 1398 1650 1439 panes.
1694 1385 1730 1425 9.
1766 1383 1822 1425 Et
1841 1398 1964 1426 nunc

113 1444 395 1499 frequentate
412 1442 507 1484 dies
523 1442 814 1498 scenopegiae
833 1442 999 1483 mensis
1022 1440 1218 1483 Casleu.⁷
1262 1442 1326 1483 10.
1353 1442 1422 1482 An
1432 1456 1488 1482 no
1503 1441 1770 1483 centesi1no⁸
1792 1449 1963 1495 octoge-

113 1502 230 1543 simo
262 1506 432 1552 octavo,
467 1500 676 1555 populus,
711 1500 790 1555 qui
825 1505 890 1542 est
911 1499 1218 1554 Jerosolymis,
1241 1505 1283 1541 ct·
1306 1499 1352 1540 in
1376 1499 1564 1550 Juslaea‚
1586 1498 1893 1555 Senatusque⁹
1923 1507 1962 1542 et

113 1557 308 1610 Ju‹·]as‚¹⁰
357 1557 614 1600 Aristobolo
670 1556 921 1613 magistro¹¹
987 1557 1233 1599 Ptolemaei
1290 1558 1417 1612 regis,
1467 1558 1546 1612 qui
1590 1563 1654 1599 est
1690 1557 1744 1599 de
1799 1572 1961 1612 genere

113 1617 387 1659 christorum
411 1614 747 1666 sacerdotum,¹²
769 1627 811 1658 et-
834 1615 917 1665 his,
941 1616 1017 1671 qui
1044 1616 1091 1657 in
1117 1617 1324 1671 Aegypto
1347 1621 1465 1662 sunt,
1489 1615 1674 1658 Judaeis
1695 1615 1903 1659 salutem.
1921 1622 1961 1658 et

111 1675 367 1717 sanitatem.
430 1675 495 1715 11.
547 1673 610 1715 De
652 1674 832 1729 magnis
875 1673 1086 1729 periculis
1128 1688 1152 1715 a
1192 1673 1284 1715 Deo
1315 1673 1489 1715 liberati
1518 1674 1758 1729 magnifice
1793 1673 1961 1728 gratias

111 1733 292 1788 agimus
328 1731 428 1787 ipsi,
465 1736 619 1787 utpote
641 1732 720 1787 qui
743 1731 958 1773 adversus
981 1731 1119 1773 talem
1154 1746 1302 1786 regem
1328 1731 1662 1773 dimicavimus.
1676 1730 1702 1753 ¹³
1763 1733 1827 1773 12.
1861 1731 1960 1786 Ipse

109 1791 231 1833 enim
249 1789 441 1833 ebullire
454 1790 555 1832 fecit
571 1789 626 1832 de
641 1789 822 1832 Perside
834 1788 860 1810 ¹⁴
877 1804 960 1841 eos,
978 1790 1056 1845 qui
1075 1795 1399 1845 pugnaverunt
1416 1796 1571 1831 contra
1588 1804 1679 1836 nos,
1697 1795 1739 1831 et
1753 1795 1954 1832 sanctam

111 1849 358 1892 civitatem.
420 1849 485 1890 13.
520 1847 635 1890 Nam
673 1862 775 1890 cum
812 1848 857 1889 in
896 1847 1077 1890 Perside
1111 1853 1222 1889 esset
1256 1847 1352 1890 dux
1387 1846 1531 1903 ipse‚¹⁵
1562 1854 1604 1889 et
1633 1862 1733 1889 cum
1761 1847 1855 1902 ipso
1878 1847 1959 1888 im-

113 1921 297 1949 mensus
330 1907 566 1957 exercitus,
600 1906 762 1948 cecidit·
788 1906 835 1947 in
859 1906 1030 1961 templo
1055 1904 1287 1957 Naneae,¹⁶
1319 1906 1506 1947 consilio
1530 1905 1740 1960 deceptus
1762 1905 1960 1947 sacerdo-

110 1970 208 2008 tum
236 1964 438 2011 Naneae;
491 1965 556 2006 14.
589 1965 756 2006 etenim
781 1978 882 2005 cum
909 1979 960 2005 ea
984 1963 1273 2005 habitaturus
1298 1964 1421 2005 venit
1445 1963 1501 2005 ad
1522 1963 1669 2004 locum
1693 1962 1958 2013 Antiochus,

112 2028 153 2065 et
175 2022 310 2064 amici
335 2022 442 2078 ejus,
475 2027 518 2064 et
552 2028 601 2064 ut
623 2022 842 2076 acciperet
865 2022 1079 2077 pecunias
1103 2021 1270 2063 multas
1293 2022 1410 2063 dotis
1432 2020 1668 2063 nomine.¹⁷
1730 2022 1794 2063 15.
1827 2020 1961 2063 Cum-

111 2095 200 2136 que
222 2081 557 2136 proposuissent
574 2094 646 2122 eas
663 2080 911 2122 sacerdotes
932 2080 1125 2131 Naneae,
1143 2086 1185 2121 et
1202 2080 1296 2135 ipse
1313 2094 1415 2122 cum
1437 2079 1591 2135 paucis
1610 2079 1836 2133 ingressus
1850 2084 1958 2120 esset

112 2139 234 2180 intra
252 2138 477 2180 ambitum
498 2139 606 2189 fani,
624 2138 884 2180 clauserunt
900 2137 1139 2193 templum,
1202 2139 1266 2179 16.
1300 2152 1402 2179 cum
1424 2138 1631 2179 intrasset
1649 2135 1963 2178 Antiochus:¹⁸

112 2202 358 2252 apertoque
391 2196 566 2238 occulto
589 2196 716 2238 aditu
741 2195 913 2251 templi,
938 2196 1166 2237 mittentes
1190 2195 1362 2251 lapides
1385 2200 1699 2251 percusserunt
1721 2195 1896 2242 ducem,
1919 2200 1959 2236 et

113 2268 185 2297 eos
219 2255 297 2310 qui
333 2269 436 2296 cum
473 2269 522 2296 eo
557 2260 698 2304 erant,
731 2260 774 2296 et
796 2254 1053 2295 diviserunt
1076 2254 1382 2304 membratim,
1405 2260 1446 2296 et
1469 2252 1693 2308 capitibus
1712 2253 1959 2307 amputatis

113 2313 230 2354 foras
263 2313 559 2368 projecerunt.
624 2314 687 2355 17.
720 2312 804 2354 Per
837 2312 990 2353 omnia
1027 2312 1290 2353 benedictus
1315 2312 1446 2356 Deus,
1469 2312 1546 2366 qui
1572 2310 1759 2352 tradidit
1783 2311 1960 2365 impios.

116 2372 180 2412 18.
216 2370 397 2412 Facturi
421 2370 563 2425 igitur
585 2370 746 2425 quinta
769 2376 811 2412 et
841 2370 1061 2425 vigesima
1084 2369 1194 2411 dic¹⁹
1228 2370 1391 2411 mensis
1414 2368 1570 2411 Casleu
1597 2368 1956 2424 mirificationem

113 2428 287 2484 templi,
321 2429 621 2470 necessarium
658 2427 878 2470 duximus
914 2428 1170 2482 significare
1195 2428 1339 2469 vobis:
1374 2434 1423 2468 ut
1445 2433 1487 2468 et
1511 2442 1586 2468 vos
1609 2441 1790 2482 quoque
1812 2425 1955 2481 agatis

115 2485 235 2528 diem
272 2486 577 2541 scenopegiae,
612 2493 653 2528 et
675 2486 796 2528 diem
821 2485 992 2541 ignis,²⁰
1022 2486 1101 2541 qui
1126 2486 1258 2527 datus
1281 2491 1344 2527 est
1367 2485 1552 2540 quando
1577 2484 1819 2526 Neliemias
1842 2483 1960 2525 aedi-

114 2544 245 2586 ficato
279 2543 449 2599 templo
484 2550 526 2586 et
559 2544 691 2586 altari
727 2544 893 2586 obtulit
929 2544 1160 2586 sacrificia.
1224 2544 1288 2585 19.
1335 2543 1451 2584 Nam
1487 2557 1588 2584 cum
1623 2542 1666 2583 in
1695 2539 1958 2583 Persidem²¹

116 2602 390 2644 ducerentur
412 2607 558 2657 patres
580 2602 733 2653 nostri,
767 2601 1028 2653 sacerdotes,
1058 2602 1135 2657 qui
1162 2607 1269 2643 tunc
1293 2600 1483 2643 cultores
1508 2600 1586 2643 Dei
1611 2598 1791 2648 erant,²²
1811 2613 1960 2653 accep-

116 2665 213 2702 tum
240 2660 390 2715 ignem
417 2659 471 2701 de
503 2659 633 2702 altari
659 2660 830 2702 occulte
853 2660 1188 2701 absconderunt
1211 2659 1255 2700 in
1283 2658 1412 2708 valle,
1435 2658 1510 2700 ubi
1536 2664 1631 2700 erat
1653 2665 1812 2713 puteus
1829 2656 1961 2698 altus.

117 2724 160 2759 et
181 2718 337 2768 siccus,
370 2723 413 2759 et
444 2718 488 2759 in
513 2732 562 2759 eo
586 2718 805 2760 contutati
829 2724 936 2759 sunt
957 2732 1075 2764 eum,
1098 2717 1159 2758 ita
1184 2722 1230 2758 ut
1256 2716 1469 2758 omnibus
1492 2717 1673 2770 ignotus
1694 2719 1802 2756 esset
1826 2713 1960 2755 locus.

107 2776 182 2817 20.
217 2775 332 2817 Cum
369 2781 519 2818 autem
560 2775 875 2831 praeterissent
908 2776 1016 2817 anni
1045 2774 1230 2824 multi‚²3
1261 2784 1304 2817 et
1326 2774 1497 2829 placuit
1520 2773 1612 2815 Deo
1635 2778 1681 2814 ut
1709 2773 1961 2814 mitteretur

118 2832 363 2876 Nehemias
385 2848 410 2875 a
433 2848 533 2888 rege
552 2833 765 2875 Persidis:
800 2842 982 2888 nepotes
999 2832 1281 2874 sacerdotum
1299 2832 1497 2880 illorum,
1520 2832 1595 2886 qui
1623 2829 1961 2877 absconderant,

119 2891 242 2932 misit
265 2891 321 2933 ad
357 2891 681 2947 requirendum
720 2892 892 2946 ignem:
927 2898 967 2932 et
991 2891 1105 2932 sicut
1129 2895 1432 2931 narraverunt
1456 2887 1633 2932 nol›is,²⁴
1667 2902 1755 2928 non
1782 2887 1962 2928 invene·

118 2954 227 2990 runt
249 2949 417 3004 ignem,
439 2949 512 2991 sed
539 2963 705 3004 aquam
730 2963 937 2991 crassam.
972 2949 1036 2989 21.
1072 2948 1127 2989 Et
1143 2948 1278 3000 jussit
1300 2962 1371 2989 eos
1394 2947 1588 2988 haurire.
1612 2951 1651 2987 et
1675 2946 1831 2986 afferre
1853 2943 1960 2985 sibi:

119 3012 161 3048 et
183 3007 415 3057 sacrificia,
449 3021 566 3062 quae
588 3007 800 3062 imposita
818 3005 998 3055 erant,²⁵
1023 3006 1155 3058 jussit
1178 3005 1380 3047 sacerdos
1406 3003 1646 3045 Neliemias
1669 3001 1842 3057 aspergi
1867 3002 1962 3056 ipsa

119 3078 252 3120 aqua,
289 3070 331 3106 et
368 3064 507 3120 ligna,
545 3070 588 3106 et
609 3079 725 3120 quae
747 3070 875 3106 erant
897 3063 1189 3118 superposita.
1252 3063 1317 3104 22.
1353 3062 1503 3116 thue
1528 3061 1610 3102 boc
1633 3061 1797 3102 factum
1824 3064 1898 3108 est,
1921 3065 1962 3099 ct

119 3127 298 3177 tempus
320 3122 464 3172 affuit,
487 3137 577 3177 quo
599 3122 661 3164 sol
689 3122 874 3167 refulsit.
897 3121 974 3176 qui
1003 3121 1127 3176 prius
1149 3125 1243 3161 erat
1266 3121 1311 3161 in
1338 3118 1508 3167 nubilo,
1532 3131 1741 3160 accensus
1764 3122 1825 3158 est
1844 3117 1963 3171 ignis

121 3193 329 3235 magnus,
352 3180 415 3222 ita
437 3187 487 3222 ut
508 3194 664 3222 omnes
687 3180 975 3221 mirarentur.
1010 3179 1075 3219 23.
1099 3178 1361 3220 Orationem
1385 3182 1534 3218 autem
1561 3175 1786 3217 faciebant
1808 3188 1962 3215 omnes

1781 3243 1853 3281 797
