2083 3462
1815 123 1890 164 815

47 254 124 298 sed
147 254 245 298 Rex
269 254 432 296 mundi
456 254 690 297 defunctos
713 268 793 296 nos
809 268 889 310 pro
906 253 999 296 suis
1016 252 1192 308 legibus
1208 253 1256 296 in
1275 257 1481 296 aeternae
1499 252 1618 295 vitae
1637 253 1889 295 resurrecti-

48 327 134 356 one
155 311 440 355 011001101111.“2
501 314 566 354 10.
599 312 704 354 Post
726 312 850 354 hunc
872 312 1031 354 tertius
1058 311 1283 362 illud-itur,
1317 317 1360 354 et
1393 311 1600 366 linguam
1637 310 1891 366 postulatus

49 371 136 414 cito
169 369 371 426 protulit,
406 374 448 412 et
482 384 645 412 manus
679 375 936 412 constanter
968 369 1192 413 extendit:
1256 371 1321 411 11.
1354 373 1521 412 etcum
1548 369 1714 411 fiducia
1735 369 1817 411 ait:
1853 368 1890 410 E

48 427 171 472 caelo
189 428 274 470 ista
291 428 505 483 possideo,
523 427 598 470 sed
618 433 799 484 propter
823 428 902 470 Dei
923 427 1041 483 leges
1060 441 1182 469 1111110
1201 427 1310 469 11000
1328 428 1425 483 ipsa
1442 427 1651 482 despicio,
1669 427 1890 482 quoniam

48 485 106 530 ab
129 486 224 542 ipso
248 500 318 528 me
339 500 390 528 ea
414 490 696 541 recepturum
723 500 867 541 spero:
931 487 996 527 12.
1030 485 1094 527 ita
1117 491 1166 527 ut
1189 500 1279 536 rex,
1314 491 1357 528 et
1390 486 1467 540 qui
1505 499 1607 527 cum
1632 485 1727 540 ipso
1750 489 1893 537 orant,

48 543 328 586 mirarentur
349 543 644 585 adolescentis
666 544 885 595 animam,
917 543 1039 599 quod
1063 548 1299 599 tamquam
1324 543 1525 584 nihilum
1550 543 1731 584 duceret
1754 542 1894 584 cruci-

49 607 161 644 01110.
225 602 289 643 13.
324 602 381 643 Et
411 601 494 643 hoc
528 601 592 643 ita
625 601 851 652 defuncto,
885 606 1100 657 quartum
1138 601 1366 643 vexabant
1387 600 1598 642 similiter
1620 604 1894 655 torquentes.

48 660 116 702 14.
149 659 220 711 Et,
242 673 343 701 cum
363 659 459 715 jam
483 664 594 702 esset
616 659 672 701 ad
696 664 900 711 mortem,
922 659 985 701 sic
1007 660 1088 701 ait:
1122 659 1278 701 Potius
1300 664 1363 701 est
1385 658 1442 701 ab
1466 658 1731 700 hominibus
1755 658 1892 700 morti

49 716 176 760 datos
209 731 334 773 spem
369 721 603 773 expectare
637 732 663 759 a
698 718 803 769 Deo,
838 718 1002 760 iterum
1039 716 1094 759 ab
1129 717 1224 772 ipso
1259 716 1607 759 resuscitandos:
1649 716 1732 757 tibi
1769 716 1893 758 enim

49 775 313 818 resurrectio
335 775 392 817 ad
418 776 560 817 vitam
584 790 675 817 non
699 776 794 818 erit.
860 776 923 817 ]5.
957 775 1015 817 Et
1037 789 1141 817 cum
1163 775 1472 816 admovissent
1506 774 1736 830 quintum,
1759 788 1892 816 vexa-

47 832 161 875 bant
183 847 300 876 eum.
340 836 399 875 At
417 833 505 884 ille,
529 833 770 889 respiciens
788 833 835 874 in
853 848 971 884 eum,
989 833 1127 874 dixit:
1171 833 1240 874 16.-
1262 833 1530 874 Potcstatcm
1551 833 1668 874 inter
1685 831 1894 874 homines

48 890 234 943 habens,
268 905 372 933 cum
407 891 466 933 sis
500 891 821 946 corruptibilis,
855 891 963 932 facis
998 890 1117 946 quod
1153 891 1240 933 vis:
1274 890 1367 932 noli
1392 895 1543 932 autem
1569 894 1727 945 putare
1749 904 1894 945 genus

49 954 255 991 nostrum
293 963 320 991 a
356 949 449 991 Deo
487 964 577 992 esse
615 949 901 991 derelictum:
966 950 1030 991 17.
1063 953 1112 990 tu
1150 953 1300 991 autem
1339 948 1562 1004 patienter
1598 946 1822 998 sustine,¹³
1853 952 1896 990 et

49 1007 226 1050 videbis
250 1021 463 1062 magnam
490 1011 754 1063 potestatem
779 1007 932 1062 ipsius,
956 1006 1152 1062 qualiter
1175 1011 1228 1057 te,
1258 1011 1300 1048 et
1321 1020 1473 1048 semen
1498 1011 1628 1048 tuum
1653 1004 1895 1060 torquebit.

50 1066 116 1107 18.
151 1064 255 1107 Post
276 1064 401 1107 hunc
423 1065 650 1107 ducebant
666 1070 859 1115 sextum,
886 1069 929 1106 01
950 1064 998 1115 10,
1022 1064 1136 1106 111011
1157 1064 1390 1119 incipiens,
1412 1064 1475 1105 010
1492 1063 1573 1116 ait:
1609 1063 1711 1104 Noli
1731 1064 1896 1105 frustra

49 1136 215 1165 errare:
248 1137 328 1164 1100
350 1123 471 1165 enim
499 1127 679 1178 propter
701 1123 997 1177 nosmetipsos
1019 1121 1130 1164 haec
1152 1122 1367 1177 patimur,
1402 1125 1635 1176 peccantes
1662 1121 1710 1163 in
1746 1120 1895 1163 Deum

47 1185 269 1232 nostrum,
304 1185 346 1223 et
379 1181 521 1236 digna
554 1181 857 1223 admiratione
892 1181 1010 1222 facta
1042 1179 1432 1222 0111111111101115ῑ14
1494 1180 1558 1222 19.
1592 1184 1640 1221 111
1664 1183 1815 1221 autem
1839 1193 1896 1221 ne

48 1238 279 1281 existimes
301 1238 385 1281 tibi
408 1239 599 1294 impune
620 1239 842 1290 futurum,
879 1238 1001 1294 quod
1020 1243 1193 1279 ‘contra
1228 1238 1375 1279 Deum
1410 1252 1616 1293 pugnare
1637 1237 1895 1280 tentaveris.

49 1296 115 1339 20.
147 1296 295 1352 Supra
317 1296 506 1339 modum
529 1302 681 1339 autem
707 1301 851 1338 mater
872 1295 1149 1345 mirabilis‚¹⁵
1179 1300 1222 1337 et
1244 1295 1465 1337 bonorum
1493 1295 1712 1336 memoria
1738 1295 1892 1348 digna,

48 1368 166 1410 quae
187 1360 425 1410 pereuntes
447 1360 615 1411 septem
650 1355 767 1396 filios
800 1354 884 1396 sub
918 1354 1056 1396 unius
1091 1353 1179 1395 diei
1214 1358 1415 1408 tempore
1449 1352 1742 1408 conspiciens
1776 1352 1894 1394 bono

47 1412 204 1455 animo
221 1412 390 1455 ferebat
406 1418 586 1469 propter
602 1427 740 1468 spem,
759 1427 899 1469 quam
917 1412 966 1453 in
985 1412 1132 1455 Deum
1151 1411 1366 1454 habebat:
1401 1412 1466 1453 21.
1485 1410 1688 1465 singulos
1706 1410 1893 1453 illorum

48 1470 317 1513 hortabatur
338 1485 445 1513 voce
466 1471 614 1526 patria
636 1471 822 1522 fortiter,
844 1470 1013 1526 repleta
1035 1468 1316 1524 sapientia:¹6
1348 1474 1402 1520 et,
1436 1469 1656 1511 femineae
1691 1469 1892 1523 cogitati-

48 1527 162 1570 oni¹⁷
193 1529 501 1571 masculinum
526 1529 734 1571 animum
759 1529 974 1580 inserens,
1036 1528 1101 1570 22.
1134 1527 1254 1569 dixit
1286 1527 1343 1569 ad
1379 1541 1468 1569 eos:
1503 1526 1661 1568 Nescio
1697 1526 1893 1581 qualiter

48 1585 97 1628 in
119 1590 246 1629 utero
269 1600 368 1629 meo
391 1587 682 1643 apparuistis:
717 1601 863 1642 neque
886 1586 1009 1628 enim
1045 1600 1125 1641 ego
1159 1585 1371 1641 spiritum
1407 1590 1448 1627 et
1484 1584 1688 1626 animam
1724 1584 1894 1626 donavi

48 1643 176 1687 vobis
209 1649 251 1686 et
285 1645 441 1695 vitam,
476 1650 518 1687 et
551 1644 837 1700 singulorum
872 1644 1078 1686 membra
1101 1658 1191 1685 non
1216 1658 1296 1698 ego
1319 1643 1417 1699 ipsa
1439 1642 1656 1698 compegi,
1719 1642 1783 1684 23.
1817 1641 1894 1685 sed

47 1702 173 1744 enim
184 1701 211 1724 ¹3
231 1703 395 1745 mundi
415 1703 608 1754 Creator,
626 1703 705 1758 qui
723 1703 938 1744 formavit
954 1701 1157 1744 hominis
1175 1702 1478 1751 nativitatem,
1496 1700 1668 1756 quique
1682 1700 1893 1742 omnium

47 1759 227 1803 invenit
248 1761 485 1816 originem,
520 1765 561 1803 et
594 1761 806 1817 spiritum
838 1760 966 1802 vobis
988 1760 1155 1802 iterum
1178 1774 1281 1801 cum
1318 1758 1627 1801 misericordia
1661 1758 1817 1799 reddet
1849 1762 1893 1800 et

47 1818 206 1870 vitam,
228 1818 343 1861 010111
359 1833 483 1861 nunc
502 1819 796 1874 vosmetipsos
814 1818 1042 1874 despicitis
1060 1822 1242 1873 propter
1259 1817 1376 1872 leges
1395 1817 1500 1871 ejus.
1549 1817 1614 1859 24.
1637 1815 1892 1857 Antiochus

47 1880 215 1928 autem,
249 1877 476 1919 contemni
512 1892 556 1919 se
590 1877 848 1927 arbitratus,
884 1875 1022 1918 simul
1060 1880 1102 1918 et
1139 1875 1456 1931 exprobrantis
1491 1889 1599 1916 voce
1636 1872 1894 1930 despecta,¹⁹

48 1948 152 1976 cum
176 1934 328 1977 adhuc
349 1934 675 1977 adolescentior
696 1940 954 1990 superesset,
977 1948 1066 1975 non
1092 1933 1237 1975 00111111
1264 1933 1412 1975 verbis
1434 1932 1712 1983 hortabatur,
1747 1931 1822 1973 sed
1850 1936 1892 1973 et

48 2006 151 2034 cum
169 1992 430 2047 juramento
452 1993 709 2035 affirmabat
731 2007 774 2035 se
797 1992 988 2034 divitem
1012 1996 1054 2034 et
1076 1991 1258 2034 beatum
1283 1992 1524 2041 facturum,
1554 1995 1595 2031 et
1617 1989 1888 2032 translatum

47 2063 75 2092 a
96 2050 254 2106 patriis
277 2051 452 2106 legibus
475 2051 675 2093 amicum
700 2050 981 2101 habiturum,
1015 2054 1057 2092 et
1091 2064 1158 2091 res
1185 2049 1454 2091 necessarias
1488 2048 1527 2090 ei
1562 2047 1890 2103 praebiturum.

48 2108 115 2150 25.
146 2107 233 2150 Sed
260 2109 316 2151 ad
353 2109 463 2151 haec
496 2123 600 2151 cum
634 2108 892 2151 adolescens
925 2122 1217 2163 nequaquam
1254 2107 1565 2156 inclinaretur,
1599 2105 1779 2148 vocavit
1812 2119 1891 2149 rex

47 2170 256 2218 matrem,
278 2170 321 2208 et
341 2166 559 2209 suadebat
582 2167 620 2209 ei
644 2172 695 2208 111
716 2166 988 2209 adolescenti
1012 2166 1136 2208 fieret
1158 2166 1205 2207 in
1229 2164 1472 2207 salutern.²⁰
1514 2165 1579 2207 26.
1603 2164 1717 2205 Cum
1736 2167 1889 2204 autem

47 2223 207 2266 multis
223 2239 323 2266 earn
342 2224 490 2267 verbis
508 2229 618 2267 esset
635 2225 853 2276 hortatus,
870 2224 1077 2280 promisit
1094 2237 1330 2266 suasuram
1350 2237 1394 2267 se
1409 2222 1502 2264 filio
1517 2236 1609 2264 0110.
1645 2222 1709 2264 27.
1729 2221 1890 2275 Itaque

47 2280 271 2324 inclinata
301 2282 358 2324 ad
376 2282 525 2333 illum,
547 2283 741 2325 irridens
765 2281 992 2324 crudelem
1010 2287 1276 2337 tyrannum,
1300 2281 1363 2322 ait
1380 2281 1526 2335 patria
1545 2294 1667 2322 voce:
1703 2278 1790 2321 Fili
1810 2278 1892 2329 mi,

48 2339 259 2382 miserere
280 2341 383 2392 mei,
406 2355 522 2396 quae
543 2345 585 2383 te
608 2341 652 2383 in
679 2345 805 2383 utero
829 2354 993 2382 novem
1021 2339 1252 2381 mensibus
1286 2339 1477 2394 portavi,
1514 2341 1556 2379 et
1590 2337 1657 2380 lac
1690 2335 1889 2380 triennio

50 2396 154 2439 dedi
176 2402 218 2440 et
240 2398 348 2450 alui,
382 2403 425 2440 et
458 2398 504 2440 in
528 2403 719 2441 aetatem
743 2399 875 2440 istam
900 2396 1142 2454 perduxi.²¹
1206 2398 1273 2438 28.
1308 2396 1428 2443 Peto,
1462 2400 1579 2445 nate,
1614 2400 1664 2436 ut
1697 2394 1888 2450 aspicias

49 2454 107 2497 ad
130 2455 304 2498 caelum
328 2460 371 2498 et
391 2461 571 2508 terram,
593 2461 636 2499 et
657 2456 714 2498 ad
737 2456 894 2498 omnia
916 2469 1031 2512 quae
1054 2455 1100 2498 in
1125 2455 1187 2497 eis
1209 2459 1333 2496 sunt:
1367 2458 1408 2496 et
1430 2453 1672 2507 intelligas,
1702 2452 1811 2507 quia
1833 2466 1889 2492 ex

49 2512 198 2555 nihilo
218 2513 323 2556 fecit
343 2514 425 2556 illa
448 2514 579 2565 Deus,
602 2519 644 2557 et
666 2514 908 2556 hominum
932 2512 1133 2569 genus:22
1188 2513 1254 2554 29.
1287 2513 1350 2553 110
1368 2510 1494 2563 1101,22
1514 2516 1671 2553 utnon
1690 2507 1891 2551 1111100523

49 2571 309 2613 carnificem
345 2572 497 2623 istum,
533 2573 607 2614 sed
646 2572 813 2627 dignus
850 2571 1065 2613 fratribus
1100 2571 1191 2613 tuis
1227 2570 1408 2612 effectus
1445 2569 1678 2626 particeps,
1715 2567 1890 2622 suscipe

50 2634 257 2681 mortem,
279 2634 330 2672 ut
353 2630 399 2671 in
422 2630 504 2671 illa
526 2629 851 2674 miseratione24
882 2644 986 2671 cum
1010 2628 1224 2670 fratribus
1246 2628 1336 2669 tuis
1358 2633 1400 2669 te
1422 2626 1650 2682 recipiam.
1686 2626 1750 2667 30.
1775 2624 1890 2666 Cum

50 2685 163 2729 haec
195 2687 276 2729 illa
309 2687 461 2729 adhuc
494 2687 672 2739 diceret,
706 2688 770 2730 ait
803 2687 1078 2730 adolescens:
1112 2687 1259 2736 Quem
1291 2683 1587 2727 sustiiietis‘?²5
1618 2697 1708 2725 non
1733 2682 1892 2724 obedio

50 2749 287 2800 praecepto
323 2746 451 2800 regis,
487 2745 564 2788 sed
600 2750 835 2801 praecepto
868 2745 990 2800 legis,
1027 2758 1143 2799 quae
1166 2744 1273 2785 data
1301 2748 1365 2785 est
1394 2741 1561 2785 110111οἳὃ
1592 2756 1670 2795 per
1693 2740 1892 2795 Moysen.

53 2802 120 2844 31.
152 2802 222 2844 Tu
245 2817 362 2854 verO,
397 2803 476 2858 qui
510 2803 723 2846 inventor
744 2803 893 2845 omnis
916 2801 1155 2846 malitiae²⁷
1186 2802 1328 2844 factus
1362 2815 1406 2843 es
1439 2800 1488 2843 in
1523 2798 1765 2847 Hebraeos,
1799 2811 1892 2839 non

53 2860 239 2914 effugies
262 2874 450 2903 manum
476 2861 571 2903 Dei.
633 2861 699 2904 32.
733 2860 823 2904 Nos
845 2860 966 2902 enim
1001 2874 1080 2915 pro
1114 2859 1306 2914 peccatis
1339 2858 1502 2901 nostris
1536 2857 1645 2898 haec
1679 2855 1892 2910 patimur.

54 2917 121 2959 33.
154 2918 212 2959 Et
244 2918 281 2959 si
315 2917 445 2960 nobis
467 2923 648 2974 propter
673 2918 1042 2973 increpationem,
1076 2921 1119 2958 et
1152 2917 1477 2971 correptionem
1514 2914 1738 2957 Dominus
1773 2912 1893 2954 Deus

53 2980 204 3017 noster
226 2975 458 3017 modicum
477 2976 619 3019 iratus
641 2981 723 3018 est:
755 2976 831 3018 sed
855 2976 1019 3017 iterum
1043 2973 1410 3017 reconciliabitur
1431 2972 1570 3014 servis
1587 2971 1690 3013 suis,
1733 2971 1798 3011 34.
1822 2969 1892 3010 Tu

54 3037 221 3084 autem,
243 3047 268 3075 0
289 3033 480 3085 sceleste,
503 3038 545 3076 et
566 3034 774 3076 omnium
795 3032 1037 3075 hominum
1057 3031 1418 3086 flagitiosissime,
1442 3029 1534 3071 noli
1553 3029 1717 3070 frustra-
1735 3026 1894 3069 extolli

53 3090 188 3133 vanis
208 3090 371 3146 spebus
403 3091 450 3132 in
486 3105 636 3133 servos
667 3088 1156 3146 0111011111011111101110;28
1215 3089 1281 3130 35.
1314 3087 1520 3130 nondum
1543 3086 1664 3127 enim
1689 3084 1892 3139 omnipo-

55 3148 191 3190 tentis
213 3148 310 3199 Dei,
331 3152 374 3190 et
394 3149 550 3190 omnia
572 3148 866 3204 inspicientis,
886 3147 1114 3202 judicium
1138 3145 1347 3200 effugisti.
1391 3145 1457 3186 36.
1482 3144 1596 3185 Nam
1616 3144 1772 3184 fratres
1790 3141 1891 3205 mei,

56 3205 234 3249 modico
274 3220 400 3248 nunc
435 3205 588 3249 dolore
623 3210 883 3257 sustentato,
923 3204 1007 3247 sub
1048 3208 1315 3247 testamento
1350 3207 1557 3245 aeternae
1590 3200 1710 3243 vitae
1746 3199 1889 3242 effectl
