2083 3462
461 123 553 164 Dass
576 121 635 160 II.
656 123 759 171 Qud>
779 125 840 163 bet
862 122 1107 164 macutant.
1135 123 1170 171 7,
1190 123 1257 165 41.
1279 123 1393 163 9111111.
1414 122 1480 163 31.
1816 122 1892 162 817

48 249 160 288 Nulla
187 255 371 287 tantarum
401 249 538 286 diluvia
567 250 775 295 passionum
804 256 905 287 tuam
936 256 1134 296 potuerunt
1150 249 1366 287 charitatem
1384 249 1585 292 excludere,
1607 248 1703 286 nulla
1722 249 1899 287 inundare

49 310 128 334 eam
155 296 306 333 flumina
335 304 518 333 tantarum
549 296 797 333 acerbitatum.
851 297 954 333 sicut
983 310 1062 333 arca
1092 297 1126 333 in
1157 296 1215 333 illo
1234 297 1359 333 mundi
1378 296 1514 333 diluvio
1534 296 1644 332 totius
1661 296 1754 333 orbis
1772 297 1901 342 spatiis

46 343 197 380 innocua
231 342 424 385 ferebatur,
461 342 513 378 ita
546 349 582 379 et
612 351 652 379 tu
682 343 853 379 adversus
882 343 1012 380 fluctus
1040 351 1114 379 tam
1133 343 1299 387 gravium
1319 343 1527 389 passionum
1548 343 1681 388 pietate
1699 342 1897 380 immobilis

52 389 215 427 restitisti
233 397 269 426 et
285 402 368 426 cum
387 401 508 435 posses
525 388 676 426 salutem
692 389 846 427 filiorum
865 389 996 435 eligere
1011 389 1170 427 noluisti.

795 599 964 667 Caput
1004 600 1154 650 VIII.

113 731 150 773 1.
181 730 324 774 Judas
345 744 451 773 vero
474 729 791 782 Maclwbaeus,
825 735 868 773 et
901 731 980 786 qui
1014 745 1117 773 cum
1137 730 1222 773 illo
1257 735 1398 782 erant,
1431 730 1683 773 introibant
1706 730 1900 773 latenter

54 789 104 831 in
127 787 347 832 castella:¹
371 794 414 831 et
435 788 756 831 convocantcs²
779 795 1004 843 cognatos,
1026 795 1066 831 et
1085 789 1264 841 amicos,
1287 795 1329 831 et
1347 804 1431 839 cos,
1453 790 1531 845 qui
1552 793 1902 845 permanserunt

56 847 104 889 in
127 847 379 897 Judaismo,
416 852 705 898 assumentes,
728 847 986 889 eduxerunt
1019 847 1076 889 ad
1112 846 1180 889 se³
1209 862 1286 889 sex
1322 847 1468 889 millia
1493 848 1708 889 virorum.
1771 848 1809 888 2.
1844 847 1902 888 Et

55 904 334 948 invocabant
357 904 624 953 Dominum,
657 909 709 946 ut
742 905 979 960 respiceret
1001 905 1047 946 in
1072 904 1308 960 populum,
1343 905 1421 961 qui
1446 904 1502 947 ab
1524 905 1738 947 omnibus
1760 904 1903 947 calca-

54 962 208 1006 batur:
240 967 283 1005 et
305 962 591 1004 misereretur
613 962 795 1018 templo,
818 962 939 1018 quod
963 963 1362 1005 contaminabatur
1385 962 1441 1004 ab
1463 963 1638 1018 impiis:
1699 964 1737 1004 3.
1770 963 1902 1004 mise-

55 1025 227 1064 reretur
262 1020 399 1062 etiam
437 1020 709 1062 exterminio
747 1020 958 1071 civitatis,
999 1035 1115 1075 quae
1152 1026 1263 1063 esset
1284 1020 1431 1063 illico⁴
1467 1020 1817 1076 complananda,
1858 1025 1902 1062 et

55 1092 212 1122 vocem
253 1078 491 1133 sanguinis
531 1078 588 1119 ad
631 1092 675 1120 se
717 1077 957 1120 clamantis
999 1078 1195 1120 audiret:
1257 1079 1296 1120 4.
1348 1083 1677 1120 memoraretur
1718 1092 1901 1134 quoque

54 1136 369 1192 iniquissimas
405 1140 571 1178 mortes
607 1136 905 1191 parvulorum
949 1136 1261 1187 innocentum,
1298 1141 1341 1178 et
1375 1136 1682 1192 blasphemias
1720 1136 1901 1178 nomini

55 1209 136 1237 suo
168 1193 332 1246 illatas,
366 1198 409 1236 et
442 1194 763 1249 indignaretur
796 1208 930 1249 super
962 1193 1046 1235 his.
1107 1195 1145 1236 5.
1185 1194 1243 1235 At
1278 1194 1595 1246 Machabaeus‚
1629 1199 1900 1249 congregata

55 1251 393 1303 11111111111ε11110,ὃ
422 1251 746 1294 intolerabilis⁶
775 1251 987 1307 gentibus
1022 1251 1318 1294 efficiebatur:
1360 1252 1427 1294 ira
1464 1253 1587 1294 enim
1627 1251 1811 1294 Domini
1851 1252 1901 1293 111

56 1310 414 1353 misericordiam
438 1324 652 1352 conversa
674 1314 749 1352 est.
811 1311 848 1352 6.
882 1310 940 1351 Et
961 1310 1285 1365 superveniens
1318 1309 1524 1361 castellis,
1561 1315 1604 1352 et
1639 1309 1901 1351 civitatibus

56 1368 345 1424 improvisus,
379 1367 678 1410 succendebat
712 1382 802 1410 eas:
835 1372 878 1409 et
910 1372 1167 1423 opportuna
1203 1367 1299 1409 loca
1335 1382 1572 1423 occupans,
1608 1381 1699 1409 non
1735 1381 1901 1423 pancas

57 1426 258 1469 hostium
295 1431 462 1481 strages
499 1425 680 1467 dabat:⁷
742 1427 778 1469 7.
813 1427 1015 1467 maxime
1052 1431 1203 1467 autem
1242 1425 1452 1468 noctibus
1487 1425 1543 1467 ad
1585 1424 1901 1480 hujuscemodi

57 1498 272 1527 excursus
289 1483 551 1536 ferebatur,S
571 1484 751 1526 etfama
769 1483 952 1526 virtutis
969 1484 1063 1538 eJ'us
1084 1483 1256 1539 ubique
1278 1483 1632 1525 diffundebatur.
1666 1485 1702 1525 8.
1726 1483 1901 1525 Videns

57 1546 208 1585 autem
235 1540 500 1597 Philippus⁹
529 1541 752 1597 paulatim
777 1541 928 1584 virum
952 1541 1009 1584 ad
1032 1542 1282 1597 profectum
1306 1541 1473 1593 venire,
1484 1539 1510 1563 ¹⁰
1541 1555 1591 1583 ac
1619 1541 1902 1596 frequentius

58 1613 128 1643 res
149 1601 188 1642 ei
211 1600 364 1642 cedere
385 1598 642 1655 prospere‚¹¹
673 1599 730 1641 ad
754 1599 1063 1641 Ptolemaeum
1088 1599 1249 1641 ducem
1273 1598 1565 1654 Coelesyriae,
1597 1604 1639 1641 et
1661 1599 1901 1640 Phoenicis

58 1658 236 1714 scripsit
273 1662 323 1699 ut
358 1657 586 1699 auxilium
625 1658 758 1699 ferret
794 1658 910 1711 regis
947 1658 1151 1713 negotiis.
1164 1656 1191 1678 ¹²
1250 1658 1287 1699 9.
1321 1658 1382 1699 At
1415 1657 1492 1699 ille
1528 1656 1741 1698 velociter
1777 1657 1903 1698 misit

60 1715 332 1758 Nicanorem
343 1714 372 1737 ¹3
402 1715 597 1758 Patrocli
620 1715 674 1757 de
696 1715 973 1771 primoribus
995 1715 1210 1767 amicum,
1233 1715 1350 1757 datis
1372 1715 1410 1757 ei
1435 1715 1489 1757 de
1511 1715 1738 1770 permistis
1759 1714 1902 1769 genti—

59 1774 157 1826 bus,
179 1774 366 1816 armatis
388 1788 478 1815 non
503 1774 658 1815 minus
674 1773 841 1828 viginti
861 1773 1080 1825 millibus,
1103 1778 1153 1815 ut
1170 1773 1436 1815 universum
1460 1773 1738 1815 Judaeorum
1757 1786 1900 1827 genus

61 1831 240 1883 deleret,
263 1831 477 1887 adjuncto
493 1832 531 1874 ei
547 1837 590 1874 et
607 1832 775 1886 Gorgia
793 1832 889 1873 viro
908 1831 1113 1883 militari,
1135 1836 1177 1874 et
1199 1832 1245 1873 in
1265 1831 1438 1873 bellicis
1459 1830 1592 1873 rebus
1614 1831 1906 1886 experientis-

59 1890 187 1932 simo.
249 1890 315 1932 10.
347 1889 592 1938 Constituit
624 1895 776 1931 autem
806 1888 1055 1940 Nicanor‚¹⁴
1087 1894 1137 1931 ut
1160 1890 1251 1944 regi
1274 1889 1514 1939 tributum,
1536 1888 1658 1944 quod
1681 1888 1902 1929 Romanis

61 1952 158 1991 erat
170 1947 391 1999 dandum,
413 1947 503 1989 duo
521 1947 669 1989 millia
684 1947 958 1989 talentorum
979 1947 1034 1990 de
1048 1948 1309 2002 captivitate
1323 1947 1603 1989 <Iudaeorum
1621 1946 1867 2002 suppleret:
1882 1944 1910 1966 ¹⁵

63 2007 129 2048 11.
161 2005 408 2061 statimque
441 2005 498 2048 ad
533 2006 788 2047 maritimas
821 2006 1026 2047 civitates
1060 2006 1197 2055 misit,
1219 2019 1472 2047 convocans
1493 2005 1550 2046 ad
1574 2005 1904 2059 coemptionem

61 2063 361 2106 ,Iudaicorum
397 2064 748 2119 mancipiorum,
784 2064 1053 2119 promittens
1086 2078 1130 2105 se
1163 2063 1417 2118 nonaginta
1446 2060 1907 2117 111111101111011310111016

62 2121 401 2173 distracturum,
437 2136 530 2163 non
567 2122 810 2177 respiciens
846 2121 903 2164 ad
940 2121 1209 2173 vindictam,
1239 2136 1354 2176 quae
1377 2135 1479 2163 eum
1505 2120 1561 2162 ab
1585 2120 1908 2175 Omnipotente

63 2184 175 2222 esset
211 2184 517 2222 consecutura.
580 2180 646 2222 12.
693 2179 836 2221 -Judas
872 2184 1026 2221 autem
1062 2179 1142 2221 ubi
1179 2179 1410 2234 comperit,
1446 2178 1671 2220 indicavit
1706 2178 1790 2229 his,
1827 2177 1907 2232 qui

63 2252 214 2280 secum
258 2242 399 2289 erant,
439 2237 626 2280 Judaeis
668 2237 907 2279 Nicanoris
948 2238 1213 2279 adventum.
1275 2237 1340 2278 13.
1394 2236 1465 2278 Ex
1507 2236 1677 2291 quibus
1718 2235 1909 2291 quidam

64 2295 373 2347 formidantes,
395 2300 438 2338 et
454 2310 546 2337 non
565 2295 794 2337 credentes
817 2295 898 2337 Dei
917 2295 1133 2350 justitiae,
1150 2296 1198 2336 in
1216 2295 1372 2350 fugam
1391 2294 1704 2336 vertebantur:
1740 2295 1804 2335 14.
1827 2293 1908 2335 alii

63 2367 171 2396 vero
192 2353 228 2395 si
252 2353 363 2409 quid
387 2353 449 2395 eis
471 2358 701 2409 supererat
721 2353 994 2406 vendebant,
1020 2353 1250 2408 simulque
1274 2353 1525 2394 Dominum
1549 2351 1909 2407 deprecabantur

64 2416 116 2453 ut
137 2411 325 2466 eriperet
347 2411 456 2453 005Π
487 2411 543 2453 ab
565 2411 708 2466 impio
731 2411 968 2463 Nicanore,
990 2412 1069 2466 qui
1093 2425 1177 2462 eos,
1199 2411 1466 2466 priusquam
1491 2410 1697 2451 cominus
1719 2409 1906 2460 veniret,

64 2469 352 2512 vendiderat:
415 2470 481 2511 15.
513 2473 556 2511 et
577 2470 612 2511 si
636 2484 728 2511 non
746 2474 927 2524 propter
949 2483 1033 2518 eos,
1056 2474 1237 2524 propt-er
1258 2472 1583 2510 test-amentum
1607 2472 1759 2509 tamen
1783 2466 1906 2522 quod

65 2530 162 2569 erat
193 2527 251 2569 ad
285 2532 432 2582 patres
464 2541 634 2578 eorum,
656 2531 699 2569 et
720 2532 902 2582 propter
923 2527 1258 2568 invocationem
1282 2526 1424 2567 sancti
1448 2530 1490 2567 et
1511 2525 1744 2580 magnifici
1763 2524 1908 2565 1101111-

66 2585 138 2626 nis
159 2585 254 2640 ejus
275 2599 408 2640 super
428 2585 559 2640 ipsos.
622 2586 686 2626 16.
720 2585 987 2627 Convocatis
1009 2590 1160 2627 autem
1181 2584 1484 2625 Mac-habacus
1501 2588 1668 2637 septem
1689 2581 1907 2632 millibus,

66 2643 148 2698 qui
170 2657 274 2685 cum
308 2643 404 2698 ipso
427 2648 567 2694 erant,
600 2642 788 2698 rogabat
809 2657 865 2684 ne
887 2642 1093 2684 hostibus
1115 2639 1567 2692 reconciliarentur‚¹8
1597 2654 1744 2695 neque
1766 2645 1909 2681 metu-

3 2722 6 2726 ·
66 2705 193 2743 erent
213 2700 372 2756 inique
394 2701 679 2743 venientium
702 2700 944 2742 adversum
962 2715 1006 2742 se
1028 2700 1228 2741 hostium
1253 2699 1613 2748 multitudinem,
1636 2698 1708 2739 sed
1736 2697 1908 2739 fortiter

67 2758 404 2810 contenderent,
466 2760 531 2801 17.
564 2763 668 2800 ante
702 2758 854 2800 oculos
886 2758 1104 2800 habentes
1133 2756 1471 2807 contumeliam,
1506 2770 1621 2811 quae
1638 2755 1733 2797 loco
1755 2759 1907 2796 sancto

67 2815 127 2858 ab
148 2815 219 2857 his
241 2816 407 2871 injuste
429 2820 539 2858 esset
560 2816 701 2867 illata,
734 2816 936 2871 itemque
958 2820 1000 2857 et
1032 2815 1232 2856 ludibrio
1254 2814 1437 2856 habitae
1459 2813 1655 2855 civitatis
1677 2813 1909 2867 injuriam,

69 2873 220 2915 adhuc
253 2874 389 2916 etiam
424 2878 627 2916 veterum
663 2874 873 2915 instituta
907 2872 1136 2915 convulsa.
1199 2874 1264 2914 18.
1297 2872 1415 2914 Nam
1450 2871 1518 2912 illi
1554 2870 1740 2926 quidem
1771 2869 1908 2910 armis

69 2931 319 2983 confidunt,
340 2932 416 2983 ait,
437 2931 574 2973 simul
598 2936 640 2973 et
661 2931 870 2973 audacia:
903 2945 984 2972 nos
1017 2935 1166 2971 autem
1192 2930 1240 2971 in
1264 2930 1572 2984 omnipotente
1595 2927 1805 2976 Domino,
1828 2927 1908 2981 qui

68 2993 215 3046 potest
235 2993 275 3031 et
291 2989 521 3031 venientes
543 2989 786 3031 adversum
809 3003 901 3038 nos,
920 2993 962 3030 et
979 2988 1242 3029 universum
1264 2987 1489 3028 mundum
1510 2999 1601 3027 11110
1619 2990 1733 3026 nutu
1750 2984 1910 3034 delere,

70 3045 355 3088 confidimus.
417 3048 482 3089 19.
515 3046 773 3088 Admonuit
794 3050 942 3087 autem
968 3059 1040 3087 eos
1061 3049 1104 3087 et
1126 3045 1180 3087 de
1201 3044 1389 3087 auxiliis
1412 3043 1507 3093 Dei,
1530 3056 1645 3097 quae
1668 3043 1783 3084 facta
1804 3045 1910 3083 sunt

71 3117 178 3159 erga
198 3108 423 3160 parentes:
457 3108 498 3146 et
520 3104 641 3159 quod
664 3103 747 3145 sub
769 3102 1077 3145 Sennacherib
1095 3107 1276 3144 centum
1296 3101 1522 3155 octoginta
1540 3100 1744 3155 quinque
1762 3098 1907 3140 millia

71 3161 325 3218 perierunt:
387 3162 455 3205 20.
486 3166 530 3204 et
551 3161 606 3204 de
622 3161 807 3218 praelio,
829 3160 950 3216 quod
974 3160 1036 3202 eis
1057 3159 1272 3203 adversus
1295 3158 1478 3201 Galatas
1500 3158 1587 3200 fuit
1601 3156 1628 3178 ¹⁹
1648 3157 1695 3198 in
1720 3156 1911 3211 Babylo—
