2083 3462
1855 133 1930 171 327

93 270 282 312 surgens
315 254 532 311 diluculo,
566 255 861 311 mittensque:
899 262 941 298 et
973 271 1063 299 non
1099 258 1301 305 audistis.
1337 274 1484 315 neque
1517 259 1770 303 inclinastis
1803 275 1932 305 aures

95 320 263 358 vestras
285 319 334 356 ut
356 313 573 356 audiretis
634 315 671 356 5.
704 328 806 355 cum
832 313 1015 356 diecret;
1048 315 1347 359 Revertimini
1372 319 1686 374 unnsquisque
1708 334 1730 361 a
1758 319 1830 361 via
1851 334 1932 362 sua

94 371 229 424 mala,
251 377 294 414 et
326 386 349 413 a
374 371 578 426 pessimis
601 371 952 426 cogitationibus
975 374 1150 415 vestris:
1184 380 1226 416 et
1249 374 1512 417 habitabitis
1547 377 1592 418 in
1628 383 1758 427 terra,
1791 391 1929 431 quam

94 429 220 473 dedit
242 429 466 472 Dominus
489 428 628 478 vobis,
651 435 693 471 et
716 429 920 484 patribus
944 433 1100 472 vestris
1137 446 1161 473 a
1184 432 1359 474 sacculo
1388 439 1431 475 et
1454 448 1594 489 usque
1616 434 1662 476 in
1687 435 1930 477 saeculum.

95 490 132 530 6.
166 486 221 530 Et
244 486 384 529 nolite
408 487 470 528 ire
494 491 591 542 post
612 486 715 528 (1005
737 486 908 529 alienos
943 493 992 529 ut
1013 489 1217 530 serviatis
1252 490 1326 540 cis,
1359 491 1642 546 adoretisque
1672 507 1761 534 eos:
1787 506 1932 548 neque

95 560 168 589 me
201 544 259 587 ad
294 544 580 586 iracundiam
605 545 855 600 provocetis
889 545 935 586 in
971 546 1181 600 operibus
1219 561 1439 589 manuum
1466 555 1729 601 vestrarum,
1764 555 1805 592 et
1840 565 1931 592 non

94 602 294 659 affligam
319 617 409 644 vos.
472 603 509 645 7.
544 601 600 644 Et
623 616 714 644 non
745 602 935 644 audistis
959 617 1041 654 me,
1077 603 1187 645 dicit
1212 605 1446 652 Dominus.
1482 612 1530 648 ut
1561 621 1631 649 me
1664 608 1720 649 ad
1756 608 1931 650 iracun-

93 660 244 703 diam⁴
265 660 566 716 provocaretis
600 659 646 701 111
682 659 892 715 operibus
916 674 1137 702 manuum
1165 668 1411 704 vestrarum
1450 664 1494 705 in
1522 665 1693 706 malum
1720 671 1930 708 vestrum.

96 720 132 762 8.
166 717 406 774 Propterea
430 717 539 760 haec
561 717 673 760 dicit
697 718 920 759 Dominus
943 719 1246 760 exercituum:
1282 720 1366 762 Pro
1401 735 1449 762 eo
1473 722 1593 777 quod
1629 737 1717 764 non
1743 724 1932 765 audistis

93 775 233 820 verba
255 790 373 818 mea:
416 777 453 817 9.
477 790 573 818 ecee
595 790 675 830 ego
699 777 893 825 mittam,
915 782 955 818 et
975 790 1200 818 assumam
1228 779 1460 820 universas
1483 780 1773 833 cogitationes
1793 782 1932 837 Aqui-

95 832 249 886 lonis,⁶
269 834 333 876 ait
353 833 589 883 Dominus,
608 839 649 875 et
668 832 1108 875 Nabuchodonosor⁵
1130 849 1276 889 regem
1298 835 1541 890 Babylonis
1559 852 1736 879 servum
1760 853 1929 881 meum:

94 898 138 934 et·
159 891 383 934 adducam
420 906 491 933 eos
513 905 646 947 super
682 898 846 933 terrain
883 892 1030 942 istam,
1064 897 1107 933 et
1139 907 1273 947 super
1295 892 1567 936 habitatores
1585 896 1690 949 ejus,
1723 903 1764 937 et
1800 911 1933 953 super

95 963 251 992 omnes
273 950 492 1001 nationes,
515 963 632 1005 quae
655 950 700 991 in
719 950 909 991 circuitu
934 949 1059 991 illius
1081 957 1204 991 sunt:
1229 952 1551 993 etintertieiam
1574 952 1680 1002 eos,⁶
1701 959 1742 995 et
1765 968 1931 1009 ponam

95 1022 168 1050 eos
189 1007 237 1050 in
260 1013 488 1064 stuporem
513 1014 554 1050 et
577 1008 622 1048 111
643 1006 843 1057 sibilum,
866 1013 908 1049 et
930 1007 978 1048 in
1001 1007 1269 1049 solitudines
1286 1010 1590 1064 sempiternas¹
1637 1012 1699 1052 10.
1727 1011 1934 1054 Perdam·

95 1079 184 1122 que
197 1079 250 1108 ex
268 1066 330 1108 eis
345 1079 497 1108 vocem
518 1065 690 1121 gaudii,
708 1071 750 1107 et
765 1079 915 1107 vocem
932 1064 1141 1115 laetitiae,
1159 1080 1311 1108 vocem
1330 1067 1493 1121 sponsi,
1511 1073 1552 1109 et
1572 1082 1720 1109 vocem
1735 1084 1934 1124 sponsae,

96 1131 139 1166 et
156 1137 307 1166 vocem
326 1123 507 1174 molae,⁷
525 1129 563 1165 et
580 1123 735 1165 lumen
757 1122 1003 1165 luce1·nae.⁸
1035 1125 1099 1165 11.
1125 1123 1181 1164 Et
1195 1124 1279 1165 erit
1294 1125 1504 1167 universa
1518 1130 1634 1167 terra
1652 1126 1758 1168 hacc
1775 1128 1819 1168 in
1836 1127 1935 1169 soli-

96 1181 320 1233 tudinem,
335 1188 377 1223 et
394 1182 442 1222 in
459 1187 706 1237 stuporem:
731 1189 773 1223 et
786 1182 984 1223 servient·
1001 1195 1157 1223 omnes
1171 1187 1324 1236 gentes
1341 1182 1449 1224 istae
1468 1184 1557 1238 regi
1578 1183 1821 1238 Babylonis
1843 1200 1936 1240 sep-

97 1239 306 1295 tuaginta
329 1238 499 1281 annis.⁹
551 1240 614 1281 12.
651 1240 858 1295 Cumque
884 1238 1059 1294 impleti
1088 1240 1256 1281 fuerint
1281 1241 1567 1296 septuaginta
1594 1242 1717 1288 anni,
1745 1243 1936 1284 visitabo

97 1311 232 1354 super
247 1311 394 1353 regem
414 1297 673 1352 Babylonis,
686 1296 711 1318 ¹⁰
725 1302 764 1339 et
777 1303 1098 1353 supergentem
1117 1297 1258 1346 illam,
1274 1297 1384 1339 dicit
1397 1298 1631 1342 Dominus.
1648 1300 1935 1354 iniquitatem

97 1369 268 1407 eorum,
290 1361 333 1398 et
354 1369 488 1409 super
509 1361 673 1397 terram
695 1354 1048 1397 Chaldaeorum:
1068 1361 1111 1397 et
1132 1369 1298 1410 ponam
1324 1355 1449 1397 illam
1476 1356 1521 1397 in
1541 1357 1806 1399 solitudines
1827 1373 1938 1400 sem-

111 1413 310 1456 Jiternas.
374 1415 437 1455 13.
472 1413 529 1454 Et
551 1413 773 1455 adducam
800 1427 927 1468 supm
955 1418 1119 1454 terram
1147 1412 1324 1463 illam,¹l
1348 1414 1501 1455 omnia
1526 1414 1661 1456 verba
1685 1429 1796 1463 mea,
1825 1430 1940 1471 quae

99 1428 277 1514 locutus
293 1485 392 1513 sum
413 1477 568 1513 contra
583 1485 696 1521 eam,
719 1485 852 1512 omne
870 1471 989 1527 quod
1007 1471 1174 1526 scriptu
1184 1486 1224 1512 m
1243 1476 1307 1513 est
1321 1471 1366 1512 in
1386 1471 1501 1513 libro
1516 1472 1611 1523 isto,
1627 1487 1940 1529 quaecumque

99 1528 390 1586 prophetavit
410 1529 629 1571 ι1010111135
651 1528 891 1571 adversum
909 1543 1064 1571 omnes
1085 1535 1257 1584 gentes:
1273 1528 1298 1550 ¹²
1339 1530 1403 1571 14.
1427 1530 1543 1580 Quia
1568 1531 1821 1572 servierunt
1842 1530 1941 1573 eis¹⁸

101 1601 203 1630 cum
228 1593 374 1630 essent
394 1593 547 1642 gentes
571 1587 754 1637 multae,
777 1592 819 1629 et
840 1601 964 1641 reges
982 1587 1156 1642 magni:
1181 1593 1224 1629 et
1247 1587 1431 1629 reddam
1457 1588 1517 1629 015
1535 1588 1783 1630 secundum
1808 1603 1940 1644 opera

102 1659 272 1697 eorum,
293 1651 336 1687 et
356 1645 605 1687 secundum
631 1645 744 1686 faeta
762 1659 984 1686 manuum
1005 1659 1204 1687 suarum.
1250 1646 1312 1687 15.
1337 1645 1455 1696 Quia
1477 1645 1538 1687 sic
1557 1645 1664 1687 dicit
1685 1645 1941 1688 Dominus¹⁴

102 1703 382 1746 exercituum
421 1702 541 1745 Deus
576 1703 733 1745 Israel:
777 1702 915 1745 Sume
949 1702 1133 1745 calicem
1171 1703 1307 1744 vini¹⁵
1338 1703 1501 1745 furoris
1538 1703 1675 1758 hujus
1709 1704 1762 1746 de
1800 1719 1938 1746 manu

103 1776 221 1804 mea:
259 1768 303 1804 et
339 1761 602 1816 propinabis
639 1761 693 1803 de
730 1760 809 1802 1110
845 1762 1018 1802 cunctis
1053 1761 1278 1816 gentibus,
1314 1761 1370 1803 ad
1407 1775 1519 1816 quas
1555 1776 1635 1816 ego
1673 1763 1850 1804 mittam
1887 1769 1940 1804 te.

104 1820 169 1862 16.
203 1818 260 1861 Et
281 1818 451 1870 bibent,
475 1825 516 1861 et
537 1818 858 1869 turbabuntur,
881 1825 922 1860 et
947 1820 1176 1860 insanient
1209 1834 1233 1860 a
1257 1820 1367 1861 sacie
1390 1819 1545 1874 gladii,
1580 1834 1714 1875 quem
1739 1835 1818 1875 ego
1841 1821 1941 1862 mit—

103 1884 195 1920 tam
232 1877 350 1919 inter
383 1891 466 1919 eos.
531 1878 594 1920 17.
629 1876 686 1918 Et
708 1877 855 1932 accepi
880 1876 1064 1918 calicem
1101 1876 1155 1918 de
1188 1891 1328 1919 manu
1355 1877 1554 1923 Domini,
1590 1883 1632 1920 ct
1667 1879 1903 1933 propinavi
1918 1877 1943 1899 '⁸

105 1935 280 1978 eunctis
301 1935 524 1990 gentibus.
548 1934 602 1976 ad
628 1949 740 1990 quas
765 1935 886 1976 misit
911 1949 981 1976 me
1005 1934 1248 1976 Dominus:
1313 1936 1376 1977 18.
1400 1935 1664 1983 Jerusalem,
1687 1942 1729 1978 et
1751 1936 1943 1978 civitati-

105 1993 190 2035 bus
211 1992 346 2044 Juda,
369 1999 410 2035 et-
428 1993 609 2047 regibus
631 1993 736 2043 eius,
759 1998 801 2034 et
817 1992 1099 2048 principibus
1116 1993 1228 2047 ejus:
1252 1998 1301 2034 ut
1319 1993 1472 2035 darem
1494 2008 1563 2035 eos
1586 1994 1632 2035 in
1648 1993 1939 2035 solitudinem

106 2057 147 2094 et
169 2051 217 2093 in
240 2056 483 2106 stuporem,
505 2057 546 2092 et
569 2051 617 2092 in
640 2050 841 2098 sibilum,
875 2051 986 2092 etin
1018 2050 1398 2102 maledictionem,
1432 2052 1547 2092 sicut
1580 2056 1642 2093 est
1676 2052 1769 2093 ‹lics
1803 2051 1944 2094 ista:¹''

108 2110 173 2152 19.
208 2108 435 2151 Pharaoni
460 2109 552 2163 regi
577 2109 788 2163 Aegypti,
822 2114 864 2150 et
897 2109 1035 2150 servis
1070 2109 1175 2163 ejus,
1210 2115 1252 2150 et
1286 2109 1569 2164 principibus
1602 2109 1707 2163 ejus.
1742 2114 1784 2151 et
1817 2110 1939 2151 omni

107 2165 275 2223 populo
297 2166 403 2222 ejus,
465 2167 530 2208 20.
564 2172 606 2208 et
628 2166 852 2208 universis
874 2165 1202 2220 generaliterzffi
1231 2167 1404 2208 cunctis
1439 2167 1618 2220 regibus
1640 2174 1780 2209 terrae
1816 2168 1943 2209 Ausi—

107 2223 266 2275 11(115,19
297 2232 340 2267 et
373 2225 546 2266 cunetis
580 2224 761 2278 regibus
795 2229 938 2266 terrae
968 2224 1265 2274 philisthiim,
1299 2230 1341 2266 et
1374 2224 1601 2275 Asc-aloni,
1637 2231 1679 2266 et
1712 2224 1868 2276 Gazae,
1902 2232 1942 2267 et

107 2286 324 2334 Accaron,
347 2288 387 2324 et
410 2282 615 2337 reliquiis
638 2281 818 2332 Azoti,²⁰
860 2283 925 2324 ⁶21.
955 2288 997 2324 et
1020 2282 1276 2332 Idumaeae,
1299 2288 1341 2324 et
1364 2282 1509 2333 Moab,
1532 2287 1573 2324 et
1595 2283 1699 2324 tiliis
1724 2284 1942 2324 Ammon:

109 2342 173 2383 22.
194 2340 251 2383 Et
272 2341 446 2382 cunctis
468 2341 648 2395 regibus
666 2340 788 2396 Tyri,
811 2346 853 2382 et
875 2341 1098 2382 universis
1122 2341 1302 2395 regibus
1324 2340 1523 2381 Sidonis:
1546 2345 1588 2382 et
1605 2341 1784 2392 regibus
1804 2347 1944 2382 terrae

108 2398 380 2450 insularum,
403 2399 480 2453 qui
506 2405 611 2440 sunt
633 2403 757 2440 trans
780 2397 953 2440 mare.21
1014 2399 1080 2439 23.
1115 2397 1172 2439 Et
1196 2398 1367 2447 Dedan,
1390 2404 1432 2439 et
1454 2397 1678 2448 Thema,22
1711 2405 1751 2440 et
1776 2398 1882 2449 Buz,
1903 2406 1942 2440 et

109 2457 334 2499 universis
356 2458 434 2512 qui
459 2457 621 2498 attonsi
646 2461 753 2498 sunt
789 2456 834 2497 in
861 2470 1050 2498 comam.
1113 2457 1178 2497 24.
1214 2455 1270 2497 Et
1292 2456 1466 2498 cunctis
1500 2455 1677 2511 regibus
1704 2455 1945 2505 Arabiae?

108 2520 150 2556 et.
187 2515 362 2557 cunctis
395 2514 575 2569 regibus
610 2514 880 2564 Occidentis,
903 2514 980 2569 qni
1013 2513 1221 2555 habitant
1257 2513 1303 2555 in
1341 2513 1522 2555 deserto.
1587 2515 1650 2555 25.
1688 2513 1741 2555 Et
1773 2515 1944 2556 cunctis

109 2571 289 2628 regibus
307 2571 542 2624 Zambri,²⁴
563 2577 606 2614 et
627 2572 800 2614 eunctis
824 2571 1002 2626 regibus
1027 2571 1172 2616 Elam,
1196 2577 1237 2613 et
1259 2572 1431 2613 cunetis
1454 2571 1633 2626 regibus
1652 2571 1946 2613 Mefloru1n22³

109 2631 175 2673 26.
208 2630 382 2672 eunetis
405 2644 585 2686 quoque
607 2629 787 2684 regibus
811 2628 1093 2684 Aquilonis²G
1126 2629 1180 2671 de
1217 2644 1354 2684 prope
1390 2635 1432 2671 et
1454 2629 1508 2671 (10
1531 2628 1674 2683 longe,
1698 2630 1944 2684 unicuique

109 2693 265 2730 contra
287 2688 468 2730 fratrem
493 2687 686 2730 51111111;27
708 2693 750 2729 et
772 2687 985 2729 omnibus
1009 2688 1157 2739 regnis
1191 2692 1345 2734 terrae,
1381 2701 1496 2742 quae
1517 2701 1651 2741 super
1674 2687 1828 2728 faciem
1853 2689 1944 2737 ejus

109 2751 234 2788 sunt:
271 2752 312 2788 et
350 2760 428 2788 rex
466 2745 628 2788 Sesach
666 2745 789 2787 bibet
823 2751 919 2800 post
955 2744 1085 2795 005;25
1145 2746 1209 2787 27.
1244 2752 1284 2786 ct·
1318 2745 1437 2786 dices
1470 2744 1524 2785 ad
1561 2759 1649 2786 cos:
1685 2744 1808 2786 Haec
1837 2744 1942 2786 dicit

112 2803 336 2846 Dominus
358 2804 637 2846 exercituum
665 2803 785 2845 Dens
808 2802 965 2856 Israel:
1000 2802 1160 2852 Bibite,
1195 2808 1235 2844 et
1269 2802 1575 2851 inebriamini,
1612 2808 1654 2843 et
1685 2803 1868 2844 vomite:
1904 2808 1946 2843 et

111 2862 269 2912 cadite,
293 2875 439 2917 neque
452 2862 647 2916 surgatis
669 2875 690 2903 a
708 2861 820 2902 faeie
834 2860 990 2916 gladii,
1013 2874 1145 2916 quem
1167 2874 1246 2914 ego
1265 2860 1439 2901 mittam
1459 2860 1577 2901 inter
1595 2874 1681 2900 vos.
1726 2860 1788 2900 ⁴23.
1814 2860 1946 2901 Cum-

111 2934 199 2974 que
222 2918 666 2974 noluerintaccipere
680 2918 863 2961 calicem
890 2918 945 2960 de
968 2932 1107 2959 manu
1131 2924 1208 2959 tua
1234 2924 1282 2959 ut
1299 2917 1470 2965 bibant,
1494 2917 1611 2958 dices
1630 2916 1682 2958 ad
1708 2931 1796 2958 cos:
1821 2916 1944 2958 Haeo

110 2976 221 3019 dicit
246 2977 469 3019 Dominus
486 2977 787 3019 exercituum:
822 2975 1033 3017 Bibentes
1067 2974 1245 3016 bibetis:
1309 2976 1374 3015 20.
1407 2974 1515 3027 quia
1552 2988 1648 3016 0000
1683 2974 1945 3016 incivitate.

112 3035 157 3076 in
179 3049 268 3091 qua
292 3035 553 3077 invocatum
579 3040 642 3076 cst
665 3048 828 3075 nomen
855 3047 1021 3084 meum,
1043 3047 1123 3087 ego
1147 3033 1361 3086 incipiam
1388 3031 1597 3085 affligere,
1634 3036 1676 3073 et
1711 3046 1786 3073 vos
1817 3031 1942 3086 quasi
1987 3052 1990 3055 >

113 3093 373 3135 innocentes
407 3098 449 3134 et
482 3093 710 3134 immunes
733 3091 884 3133 eritis?
920 3104 1007 3132 11011
1045 3090 1166 3132 eritis
1202 3090 1446 3130 immunes:
1480 3088 1685 3143 gladium
1721 3089 1841 3129 enim
1866 3103 1945 3140 ego

114 3164 222 3192 voco
243 3164 377 3205 super
399 3164 555 3192 omnes
578 3149 851 3191 habitatores
874 3154 1028 3195 terrae,
1057 3147 1167 3188 dicit
1192 3146 1414 3188 Dominus
1436 3146 1729 3186 exercituum.
1790 3147 1853 3187 30.
1891 3145 1943 3187 Et

114 3214 161 3250 tu
185 3207 475 3264 prophetabis
496 3207 554 3250 ad
577 3221 649 3254 eos
670 3206 827 3249 omnia
850 3204 985 3250 verba
1019 3203 1141 3256 haec,
1177 3210 1218 3245 et
1253 3203 1370 3245 dices
1404 3201 1460 3244 ad
1496 3202 1614 3244 illos:
1648 3201 1871 3244 Dominus
1892 3202 1945 3243 de
