2083 3462
119 170 193 208 384
565 164 646 205 Ὧιτ
665 163 829 211 &tophet
861 160 1068 207 Serranae.
1097 157 1161 207 29,
1184 157 1220 200 1.
1249 159 1363 200 Qum.
1387 157 1502 198 1-4,

120 308 268 339 meum
289 294 472 340 bonum,
490 296 539 334 ut
560 289 770 333 reducam
798 302 874 330 vos
895 286 952 329 ad
976 286 1125 330 locum
1149 287 1300 328 istum.
1364 287 1428 328 11.
1461 285 1557 340 Ego
1579 284 1700 327 enim
1723 284 1815 328 scio
1836 287 1953 342 cogi-

120 354 321 403 tationes,
343 364 452 406 quas
475 363 554 403 ego
568 347 713 403 cogito
734 360 868 402 super
883 359 973 396 vos,
995 345 1059 387 ait
1075 344 1312 393 Dominus,
1334 344 1626 399 cogitationes
1644 342 1778 398 paci's,
1799 348 1842 386 et
1858 358 1951 387 non

119 410 385 459 afflictionis,
421 414 471 450 ut
492 407 591 449 dem
619 404 745 447 vobis
767 405 903 445 finem
940 409 982 445 et
1005 400 1324 458 pat-ientiam.¹³
1385 403 1450 443 12.
1483 400 1541 443 Et
1563 400 1834 443 invocabitis
1867 415 1952 454 me,

118 474 160 510 et
181 465 361 510 ibitis:¹⁴
383 471 424 507 et
445 463 629 507 orabit-is
652 476 734 512 me,
757 467 799 503 et
820 475 900 515 ego
923 460 1164 503 exaudiam
1192 474 1280 501 vos.
1344 460 1409 502 13.
1442 459 1676 510 Quaeret-is
1699 473 1783 508 ine,
1812 464 1854 501 et
1884 459 1951 502 in-

117 525 324 568 venietis:
357 536 460 564 cum
494 519 775 577 quaesieritis
809 533 880 560 me
913 519 961 560 in
996 524 1088 560 toto
1117 517 1248 560 corde
1283 523 1440 560 vestro.
1503 519 1568 559 14.
1602 516 1658 559 Et
1681 517 1892 559 inveniar
1924 533 1951 560 a.

118 579 294 627 vobis.¹⁵
321 581 382 623 ait
407 579 649 621 Dominus:
684 582 726 620 et
756 576 969 618 reducam
1004 575 1316 631 captivitatem
1350 581 1561 627 vestram,
1594 580 1637 616 et
1669 574 1951 630 congregabo

115 653 192 682 vos
214 639 268 681 de
291 637 511 680 universis
543 634 766 688 gentibus,
800 639 842 676 et
874 633 929 676 de
952 633 1125 675 cunctis
1159 632 1280 683 locis,
1308 632 1365 675 ad
1400 647 1517 689 quae
1539 631 1696 688 expuli
1720 646 1810 683 vos,
1839 632 1950 675 dicit

118 696 357 739 Dominus:
380 700 422 737 et
443 689 604 737 reverti
629 707 706 735 vos
728 693 889 734 faciam
928 691 982 733 de
1016 690 1124 741 1000,
1158 690 1215 733 ad
1251 705 1384 746 quem
1408 691 1733 746 transmigrare
1756 704 1834 732 vos
1856 691 1951 734 feci.

114 756 178 796 15.
211 754 328 804 Quia
364 752 560 794 dixistis:
598 750 842 793 Suscitavit
887 749 1016 790 nobis
1054 748 1279 790 Dominus
1324 748 1572 803 Prophetas
1617 748 1664 789 in
1704 747 1950 804 Babylone.

114 815 178 854 16.
211 811 329 862 Quia
352 810 460 852 hacc
482 809 592 852 dicit
617 808 839 850 Dominus
861 807 917 849 ad
941 821 1105 862 regem,
1132 807 1210 862 qui
1234 805 1357 848 sedet
1378 821 1511 861 super
1532 805 1695 848 solium
1723 805 1887 858 David,
1908 812 1952 849 et

113 868 168 911 ad
192 879 369 911 omnem
396 867 614 923 populum
640 865 940 908 habitatorem
965 863 1091 906 urbis
1113 863 1263 917 hujus,
1284 864 1341 906 ad
1365 866 1521 906 fratres
1545 870 1725 912 vestros,
1755 864 1834 919 qui
1858 878 1951 906 non

113 932 218 969 sunt
250 926 410 981 egressi
450 923 680 967 vobiscum
720 924 767 965 in
803 923 1264 977 transmigrationem.
1328 923 1392 965 17.
1426 921 1552 964 Haec
1585 921 1697 963 dicit
1726 921 1952 964 Dominus

112 984 412 1026 exercituum:
438 980 550 1024 Ecce
573 982 751 1024 mittam
776 981 823 1023 in
848 995 919 1023 eos
941 980 1162 1035 gladium,
1185 986 1228 1022 et
1245 980 1425 1030 samem,
1448 986 1490 1022 et
1507 986 1695 1035 pestem:
1719 985 1761 1021 et
1782 993 1949 1036 ponam

109 1056 181 1084 eos
202 1042 328 1097 quasi
354 1041 462 1083 sicus
485 1039 638 1090 malas,
675 1054 791 1094 quae
813 1038 987 1080 comedi
1021 1052 1112 1080 non
1137 1043 1336 1093 possunt,
1373 1052 1424 1079 eo
1461 1038 1582 1093 quod
1606 1038 1826 1093 pessimae
1847 1039 1951 1081 sint..

112 1101 175 1142 18.
210 1099 267 1141 Et
288 1112 528 1155 persequar
549 1112 620 1140 eos
643 1098 688 1139 in
713 1097 879 1152 gladio,
902 1103 944 1138 et
966 1097 1014 1137 in
1041 1096 1171 1145 fame,
1205 1101 1249 1137 et
1270 1096 1318 1137 in
1342 1095 1617 1151 pestilentia:
1653 1103 1696 1138 et
1732 1095 1848 1138 dabo
1879 1111 1952 1139 eos

112 1159 160 1199 in
183 1157 468 1199 vexationem
492 1155 715 1198 universis
739 1155 887 1209 regnis
910 1162 1072 1196 terrae:
1095 1154 1142 1195 in
1169 1152 1550 1204 maledictionem,
1572 1159 1614 1196 et
1637 1154 1683 1194 in
1707 1159 1951 1209 stuporem,

113 1220 154 1257 et
176 1215 221 1256 in
246 1212 446 1265 sibilum,
469 1221 510 1256 et
532 1211 579 1255 in
602 1212 895 1268 opprobrium
921 1212 1096 1253 cunctis
1119 1210 1354 1261 Gentibus,
1383 1211 1438 1253 ad
1463 1226 1576 1266 quas
1609 1226 1690 1266 ego
1723 1211 1828 1266 ejeci
1860 1226 1951 1254 eos:

114 1273 179 1315 19.
211 1287 261 1314 eo
283 1271 402 1328 quod
428 1286 514 1313 non
540 1270 769 1313 audierint
792 1270 927 1312 verba
951 1284 1063 1316 mea.
1086 1269 1197 1311 dicit
1222 1269 1465 1310 Dominus:
1497 1283 1614 1324 quae
1648 1269 1751 1311 misi
1789 1269 1844 1312 ad
1880 1284 1953 1312 eos

115 1345 193 1387 per
209 1343 356 1372 servos
373 1344 491 1372 meos
509 1326 747 1385 prophetas
770 1328 824 1370 de
842 1334 970 1370 nocte
985 1341 1273 1382 consurgens,
1296 1333 1338 1368 et
1353 1327 1556 1369 mittens:
1580 1332 1622 1369 et
1640 1342 1729 1369 non
1749 1327 1954 1379 audistis,

115 1388 225 1430 dicit
249 1387 481 1429 Dominus.
526 1388 590 1429 20.
607 1385 696 1429 Vos
719 1401 822 1441 ergo
845 1385 998 1428 audite
1015 1385 1203 1427 verbum
1224 1385 1412 1427 Domini
1435 1385 1584 1426 omnis
1599 1385 1954 1440 transmigratio,

116 1458 252 1501 quam
278 1446 404 1488 emisi
428 1445 481 1487 de
504 1443 750 1487 Jerusalem
775 1444 823 1486 in
848 1443 1142 1499 Babylonem.
1205 1443 1270 1484 21.
1305 1442 1429 1485 Haec
1452 1443 1563 1484 dicit
1586 1442 1810 1485 Dominus
1832 1458 1954 1486 exer-

119 1503 289 1545 cituum
328 1501 447 1545 Deus
483 1501 614 1544 Israel
656 1501 711 1544 ad
750 1501 908 1544 Achab
939 1501 1086 1557 filiurn
1124 1499 1327 1552 Coliae,¹‘⁵
1363 1507 1406 1543 et
1441 1500 1497 1542 ad
1535 1500 1766 1543 Sedeciam
1805 1501 1952 1544 filium

119 1559 326 1612 Maasiae,
349 1561 425 1616 qui
451 1560 720 1616 prophetant
743 1560 869 1602 vobis
891 1561 937 1601 in
964 1560 1148 1601 nomino
1172 1568 1270 1601 tneo
1294 1558 1596 1601 mendaciter:
1621 1558 1733 1601 Ecce
1767 1574 1847 1615 ego
1869 1565 1956 1602 tra-

120 1618 223 1660 dam
248 1632 318 1661 eos
341 1619 384 1660 in
411 1632 573 1660 manus
598 1617 1012 1660 Nabuchodonosor
1035 1617 1150 1671 regis
1174 1616 1440 1672 Babylonis:
1476 1622 1518 1659 et
1548 1617 1768 1673 percutiet
1800 1631 1872 1660 eos
1907 1618 1953 1660 in

120 1676 260 1719 oculis
284 1677 450 1718 vestris.
512 1677 576 1717 22.
611 1676 666 1717 Et
689 1682 941 1718 assumetur
974 1690 1027 1717 ex
1052 1676 1113 1717 eis
1132 1674 1390 1716 maledictio
1413 1675 1538 1716 omni
1562 1675 1956 1729 transmigrationi

120 1728 254 1783 Juda,
276 1747 389 1790 quae
412 1739 471 1775 est
496 1729 542 1775 in
559 1731 802 1789 Babylone,
824 1733 1094 1775 dicentium:
1114 1732 1258 1775 Ponat
1279 1739 1321 1775 te
1337 1732 1562 1775 Dominus
1578 1733 1694 1775 sicut
1709 1733 1956 1786 Sedeciam,

122 1800 163 1834 et.
195 1793 310 1834 sicut
345 1791 513 1842 Achab,
548 1805 659 1847 quos
692 1793 817 1833 frixit
853 1806 929 1833 rex
954 1790 1202 1846 Babylonis
1236 1791 1283 1832 in
1319 1788 1482 1846 igne2¹⁷
1543 1792 1608 1832 28.
1642 1805 1722 1846 pro
1755 1805 1805 1833 eo
1834 1790 1956 1847 quod

121 1846 306 1891 fecerint
320 1848 557 1891 stultitiam
583 1850 629 1890 in
648 1847 798 1900 lsrael,
820 1855 858 1891 et
877 1848 1099 1891 moechati
1123 1849 1292 1891 suntin
1313 1863 1474 1891 uxores
1489 1848 1739 1890 amicorum
1757 1863 1957 1901 suorum,

123 1914 167 1949 et
187 1903 323 1949 locuti
347 1906 653 1949 suntverbum
678 1908 723 1949 in
743 1908 926 1949 nomine
951 1921 1048 1949 meo
1064 1906 1354 1953 mendaciter,
1378 1906 1495 1962 quod
1523 1921 1611 1948 non
1633 1907 1851 1950 mandavi
1875 1908 1957 1950 eis:

124 1980 203 2019 ego
226 1979 323 2007 sum
354 1964 493 2019 judex
510 1963 535 1986 ¹⁹
566 1971 608 2007 et
643 1966 776 2009 testis.
810 1965 919 2006 dicit
943 1965 1179 2007 Dominus.
1242 1966 1307 2006 24.
1342 1964 1398 2006 Et
1421 1964 1477 2006 ad
1500 1964 1707 2007 Semeian
1722 1963 1748 1986 ¹⁹
1771 1964 1960 2007 Nehela-

125 2022 303 2064 miten²⁰
324 2022 458 2064 dices:
511 2024 574 2064 25.
599 2020 721 2065 Haec
743 2021 852 2065 dicit
877 2023 1099 2065 Dominus
1121 2023 1418 2073 exercituum,
1441 2022 1561 2065 Deus
1585 2022 1741 2065 Israel:
1765 2022 1850 2065 Pro
1873 2021 1956 2066 ρο21

125 2080 243 2135 quod
270 2081 427 2122 misisti
453 2080 498 2121 in
525 2081 707 2122 nomine
730 2087 807 2123 tuo
829 2080 966 2122 libros
988 2081 1042 2123 ad
1067 2090 1248 2123 omnem
1270 2080 1506 2136 nopulum,
1529 2081 1606 2136 qui
1632 2086 1695 2123 est
1718 2081 1960 2130 inJcrusa-

126 2137 228 2185 len·,
250 2144 292 2180 et
313 2137 367 2179 ad
391 2137 707 2193 Sophoniain²²
729 2132 873 2180 filium
896 2139 1092 2181 Mnasiae
1114 2139 1402 2184 sacerdotem.
1425 2146 1467 2180 et
1489 2138 1543 2180 ad
1566 2139 1799 2181 universos
1820 2154 1960 2182 sacer·

126 2194 299 2244 dotes,²³
319 2195 489 2237 dicens:
553 2197 616 2238 ⁵26.
652 2194 874 2238 Dominus
896 2197 1020 2238 dedit
1043 2204 1084 2238 tu
1107 2196 1378 2239 sacerdotem
1407 2208 1484 2252 pro
1502 2196 1699 2239 Joiade²⁴
1720 2197 1960 2249 sacerdote,

128 2259 176 2294 ut
197 2254 255 2294 sis
277 2252 370 2294 dux
396 2254 440 2294 in
466 2253 599 2295 domo
621 2253 802 2295 Domini
827 2268 959 2310 super
981 2269 1161 2297 omnem
1190 2255 1336 2296 virum
1358 2254 1686 2310 arreptitiu1n²⁵
1707 2261 1749 2297 et
1770 2254 1960 2311 prophe-

127 2316 310 2362 tantem,
334 2318 378 2352 ut
405 2312 556 2352 mittas
579 2323 679 2353 eum
717 2311 762 2353 in
788 2325 977 2354 nervum
991 2311 1019 2334 ²⁶
1052 2320 1093 2354 et
1127 2313 1172 2354 in
1198 2327 1433 2355 carcerem.
1495 2313 1560 2355 27.
1595 2312 1652 2354 Et
1674 2327 1797 2355 nunc
1819 2326 1960 2369 quare

128 2377 217 2409 non
242 2366 517 2423 increpasti²⁷
539 2368 781 2411 Jeremiam
808 2367 1154 2420 Anathotliiten‚
1178 2371 1255 2425 qui
1281 2370 1520 2426 prophetat
1543 2370 1698 2412 vobis?
1751 2371 1816 2413 28.
1840 2370 1961 2422 Quia

129 2439 260 2480 super
283 2423 364 2467 hoc.
389 2426 508 2467 misit
532 2424 576 2467 in
604 2426 879 2482 Babylonem
916 2426 970 2469 ad
1007 2427 1138 2479 nos,²³
1174 2428 1343 2470 dicens:
1381 2428 1590 2483 Longum
1623 2435 1704 2471 est:
1727 2423 1984 2471 aedificate'

130 2483 296 2528 domos.
318 2492 359 2524 et
374 2483 590 2526 habitate}
615 2491 656 2525 et
671 2485 869 2540 plantate
885 2486 1047 2537 hortos,
1070 2492 1112 2528 et
1126 2486 1346 2528 comedite
1361 2487 1532 2528 fructus
1547 2499 1714 2529 eorum.
1748 2487 1814 2528 29.
1832 2481 1960 2541 Legit

129 2554 232 2594 ergo
254 2540 505 2595 Soplwnias
538 2540 737 2584 sacerdos
772 2542 939 2585 librum
976 2545 1109 2585 istum
1144 2545 1189 2585 in
1226 2542 1413 2586 auribus
1450 2540 1673 2586 Jeremiae
1704 2543 1959 2600 prophetae.

130 2598 195 2639 80.
228 2596 284 2639 Et
306 2599 471 2639 sactum
509 2608 571 2640 est
594 2600 779 2641 verbum
807 2598 988 2642 Domini
1026 2602 1078 2643 ad
1105 2594 1365 2649 ,lei-emiam,
1403 2602 1574 2644 dicens:
1637 2603 1702 2644 31.
1738 2602 1866 2645 Mitte
1902 2601 1958 2645 ad

128 2669 307 2696 omnem
326 2657 781 2711 transmigrationem,
805 2657 973 2700 dicens:
993 2658 1117 2701 Haec
1140 2660 1249 2701 dicit
1270 2659 1493 2702 Dominus
1515 2659 1569 2702 ad
1590 2660 1795 2702 Semeian
1818 2654 1960 2702 Nelie-

126 2708 333 2754 larniien:
372 2713 452 2754 Pro
475 2729 523 2755 eo
547 2714 664 2769 quod
690 2715 976 2770 1,›1·ophetavit
1000 2717 1125 2758 vobis
1147 2718 1356 2768 Senicias,
1393 2723 1435 2759 et
1469 2732 1550 2773 ego
1584 2732 1673 2759 non
1709 2718 1808 2760 misi
1833 2725 1958 2760 eum:

126 2779 167 2810 et
191 2770 288 2811 fecit
317 2785 390 2811 vos
413 2771 635 2813 confidere
657 2773 703 2813 in
730 2773 981 2815 mendacio:
1027 2776 1091 2817 322.
1125 2774 1289 2816 idcirco
1314 2775 1423 2817 haee
1446 2775 1553 2817 dicit
1580 2775 1822 2817 Dominus:
1847 2775 1959 2818 Ecce

124 2841 204 2880 ego
228 2828 417 2869 visitabo
439 2843 571 2883 super
593 2831 797 2871 ›Scineian
817 2830 1146 2878 Nelielamiten‚
1169 2839 1211 2874 et
1232 2847 1365 2887 super
1386 2847 1537 2875 semen
1561 2835 1674 2887 ejus:
1700 2847 1787 2875 non
1813 2834 1897 2876 erit
1918 2833 1958 2875 ei

126 2885 193 2925 vir
213 2885 371 2926 sedens
395 2882 438 2926 in
465 2886 613 2928 medio
630 2887 781 2942 populi
808 2888 955 2942 hujus,
978 2896 1018 2932 et
1043 2904 1132 2931 non
1155 2890 1325 2932 videbit
1343 2890 1528 2945 bonum,
1551 2890 1671 2946 quod
1695 2903 1776 2945 ego
1791 2891 1956 2933 faciam

122 2942 289 3040 Ibopulo
316 2956 423 2991 meo,
442 2944 504 2984 ait
530 2943 766 2986 Dominus:
807 2947 914 3000 quia
938 2948 1370 3002 praevaricationem
1382 2945 1411 2969 ²⁹
1432 2946 1607 2990 locutus
1641 2954 1705 2990 est
1740 2948 1956 2990 adversus

165 3012 387 3041 ominum.

175 3114 212 3151 Ι)
240 3111 351 3150 Lxx
368 3129 416 3150 rc.
454 3119 505 3151 30.
530 3135 570 3140 —
591 3115 636 3157 2)
663 3117 766 3161 ’120
799 3118 1016 3159 „dewriften”
1036 3123 1067 3156 b.
1088 3120 1119 3155 b.
1139 3120 1267 3160 2Bric5‘c.
1286 3140 1328 3145 »-
1350 3120 1397 3165 3)
1427 3118 1503 3156 'Aua
1522 3120 1621 3162 btcfer
1638 3120 1865 3166 ffiegeimnuug
1884 3122 1961 3166 geht

121 3185 252 3233 hesper,
287 3184 352 3224 bost
387 3185 508 3221 bert-ite
543 3185 648 3226 Ξὲίεῐο,
679 3175 730 3222 1190
762 3187 845 3222 nida
875 3189 924 3223 bic
943 3187 1084 3225 waiam
1104 3192 1159 3224 ber
1189 3188 1318 3225 flueren
1338 3189 1493 3226 *mitium
1512 3187 1691 3235 gestamen,
1721 3189 1889 3231 meltbein
1907 3190 1959 3226 bie

123 3230 406 3275 &elangenftbssst
438 3232 458 3266 i.
489 3231 532 3272 3.
564 3234 630 3268 6Οὸ
659 3241 771 3268 maten
804 3234 981 3278 abgtfstljrt
1011 3239 1159 3271 merben-
1179 3255 1222 3260 —
1249 3234 1294 3280 »1)
1330 3240 1382 3270 καὶ
1408 3240 1490 3280 πρὸς
1516 3239 1590 3277 τοὺς
1617 3239 1894 3280 ψευδοπροφήτας.
1915 3257 1958 3262 ·—-
