2083 3462
151 129 227 168 810

150 256 380 309 habentes,
413 259 457 299 et
487 255 642 308 hastis,
676 254 805 311 quasi
829 254 1044 307 cohortes,
1078 257 1287 307 armatos,
1348 255 1385 297 3.
1417 258 1461 298 et
1493 270 1648 298 cursus
1669 271 1889 313 equorum
1912 272 1992 314 per

150 316 331 359 ordines
363 313 592 370 digestos‚³
623 317 666 355 et
698 313 1031 368 congressiones
1063 313 1160 355 fieri
1190 313 1408 363 cominus,
1442 318 1485 356 et
1512 319 1740 356 scutorum
1766 323 1926 368 motus,
1948 321 1992 359 et

149 374 430 429 galeatorum
448 371 794 414 multitudinem
811 371 976 426 gladiis
991 371 1243 422 districtiS,4
1259 375 1301 413 et
1313 371 1507 413 telorum
1516 372 1676 427 jactus,
1692 378 1734 414 et
1748 387 1990 416 aureorum

149 445 381 474 armorum
401 429 701 486 splendorem,
729 429 1163 487 omnisquegeneris
1179 428 1436 471 loricarum.
1477 430 1515 471 4.
1539 430 1822 486 Quapropter
1835 446 1992 475 omnes

150 489 373 545 rogabant
398 488 446 529 in
480 487 651 529 bonum
677 492 879 528 monstra
901 487 1114 528 converti.
1175 487 1212 528 5.
1245 486 1331 529 Sed
1353 501 1456 529 cum
1480 487 1618 529 falsus
1640 502 1796 530 rumor
1817 489 1992 542 exisset,

149 552 389 603 tamquam
413 545 508 588 vita
529 544 786 588 excessisset
807 544 1074 596 Antiochus,
1106 545 1350 599 assumptis
1383 545 1519 587 Jason
1556 560 1646 587 non
1682 547 1837 588 minus
1865 547 1993 590 mille

150 605 274 656 viris,
297 608 479 660 repente
504 615 738 658 aggressus
771 607 836 645 est
869 603 1119 644 civitatem:
1152 607 1195 644 et
1228 602 1406 644 civibus
1439 603 1496 644 ad
1531 617 1716 645 murum
1752 604 1993 647 convolan—

150 662 296 705 tibus⁵
324 662 382 704 ad
405 661 623 703 ultimum
647 660 931 716 apprehensa
952 660 1148 712 civitate,
1171 660 1405 702 Menelaus
1426 661 1543 716 fugit
1565 661 1612 702 in
1635 676 1804 704 arcem:
1856 663 1894 705 6.
1919 662 1994 706 Ja-

149 735 229 763 son
254 735 358 762 vero
381 734 472 761 non
495 719 707 775 parcebat
729 719 777 759 in
801 718 933 760 caede
956 718 1133 760 civibus
1154 718 1258 768 suis,
1286 732 1368 761 nec
1390 718 1616 774 cogitabat
1649 720 1993 775 prosperitatem

149 779 392 821 adversum
430 782 643 833 cognatos
679 776 854 818 malum
893 791 984 818 esse
1020 776 1294 828 maximum,
1330 776 1557 819 arbitrans
1584 777 1784 819 hostium
1822 782 1863 820 et
1900 792 1993 820 non

149 837 321 879 civium
345 850 390 878 se
411 835 628 890 trophaea
650 839 906 890 capturum.
969 835 1005 877 7.
1039 834 1094 875 Et
1120 834 1425 890 principatum
1462 835 1646 890 quidem
1666 850 1758 877 non
1781 835 1994 888 obtinuit,

151 896 292 937 finem
315 906 420 937 Vero
443 893 715 935 insidiarum
739 907 925 934 suarum
950 890 1259 934 confusionem
1284 891 1469 947 accepit,
1503 897 1544 934 et
1576 893 1793 948 profugus
1827 894 1994 936 iterum

148 953 264 995 abiit
284 952 333 993 in
358 948 691 993 Ammanitem.
723 951 761 993 8.
794 950 866 992 Ad
884 950 1117 1001 ultimum,
1139 950 1187 991 in
1205 950 1398 992 exitium
1417 951 1484 992 sui
1503 951 1740 993 conclusus
1758 950 1815 993 ab
1833 950 1995 994 Areta⁶

150 1008 355 1052 Arabum
380 1014 576 1065 tyranno
602 1008 781 1064 fugiens
805 1008 861 1050 de
886 1008 1069 1051 civitate
1103 1008 1150 1049 in
1186 1008 1433 1060 civitatem,
1467 1008 1684 1057 omnibus
1717 1009 1909 1062 odiosus,
1942 1013 1995 1052 ut

149 1069 306 1124 refuga
329 1068 480 1123 legum
503 1071 548 1109 et
574 1064 854 1117 execrabilia
889 1071 939 1108 ut
972 1065 1143 1122 patriae
1176 1071 1219 1108 et
1252 1066 1423 1108 civium
1460 1066 1612 1118 hostis,
1645 1067 1693 1108 in
1729 1067 1994 1123 Aegyptum

149 1131 360 1169 extrusus
382 1130 466 1167 est:
526 1126 566 1167 9.
597 1125 741 1180 etqui
763 1124 934 1166 multos
961 1124 1018 1166 de
1051 1124 1198 1180 patria
1231 1136 1311 1166 sua
1344 1124 1594 1179 expulerat,
1628 1139 1810 1180 peregre
1845 1125 1992 1181 periit,

149 1184 512 1227 Lacedaemonas
533 1182 792 1239 profectus‚⁷
823 1182 952 1238 quasi
977 1197 1056 1238 pro
1079 1182 1346 1237 cognatione
1380 1182 1444 1223 ibi
1478 1183 1703 1237 refugium
1730 1183 1990 1226 habiturus:

150 1244 217 1284 10.
248 1247 292 1285 et
312 1243 392 1298 qui
416 1241 665 1296 insepultos
687 1240 855 1282 multos
876 1240 1108 1295 abjecerat,
1131 1241 1224 1295 ipse
1246 1244 1289 1282 et
1311 1239 1635 1291 illamentatus,
1668 1246 1711 1283 et
1737 1241 1991 1296 insepultus

149 1298 396 1356 abjicitur,S
425 1299 661 1355 sepultura
683 1313 830 1354 neque
852 1299 1090 1354 peregrina
1112 1296 1256 1349 usus‚⁹
1287 1311 1434 1353 neque
1455 1298 1601 1353 patrio
1624 1298 1862 1353 sepulchro
1891 1313 1991 1355 par-

148 1359 356 1410 ticipans.
419 1359 484 1399 11.
517 1357 604 1399 His
626 1357 779 1412 itaque
801 1357 948 1410 gestis,
980 1357 1233 1412 suspicatus
1255 1360 1319 1398 est
1341 1370 1419 1397 rex
1449 1356 1702 1398 societatem
1740 1356 1992 1400 deserturos

148 1412 406 1459 Judaeos:¹⁰
436 1419 478 1458 et
510 1415 567 1457 ob
602 1415 687 1457 hoc
720 1416 942 1470 profectus
975 1428 1030 1456 ex
1067 1415 1272 1469 Aegypto
1294 1414 1488 1455 efferatis
1510 1413 1726 1466 animis‚¹¹
1759 1415 1990 1457 civitatem

148 1474 336 1530 quidem
360 1473 499 1515 armis
521 1473 648 1528 cepit.
662 1470 689 1494 ¹²
739 1473 805 1514 12.
836 1472 979 1514 Jussit
1000 1478 1151 1514 autem
1177 1471 1402 1513 militibus
1424 1472 1686 1522 interficere,
1708 1486 1789 1514 nec
1812 1486 1992 1528 parcere

148 1531 505 1583 occursantibus,
536 1536 581 1573 et
614 1543 692 1586 per
725 1529 919 1572 domos¹³
948 1530 1239 1572 ascendentes
1270 1529 1508 1571 trucidare.
1570 1530 1636 1572 13.
1671 1529 1866 1573 Fiebant
1886 1545 1992 1587 ergo

148 1590 306 1633 caedes
321 1588 562 1645 juvenum,
583 1604 635 1631 ac
656 1589 900 1639 seniorum,
921 1593 965 1630 et
986 1588 1247 1638 mulierum,
1282 1592 1325 1629 et
1359 1592 1569 1629 natorum
1594 1588 1882 1638 exterminia,
1904 1590 1993 1632 vir-

148 1649 405 1704 ginumque
425 1652 469 1689 et
491 1646 787 1702 parvulorum
812 1661 950 1688 neces.
1013 1647 1078 1687 14.
1112 1645 1255 1687 Erant
1276 1650 1428 1687 autem
1452 1650 1544 1687 toto
1575 1646 1727 1688 triduo
1761 1646 1992 1701 octoginta

150 1705 300 1748 millia
321 1704 596 1757 interfecti,¹*
626 1705 934 1760 quadraginta
957 1703 1102 1745 millia
1126 1700 1320 1754 vincti,¹5
1341 1715 1433 1745 non
1456 1703 1610 1745 minus
1632 1709 1785 1746 autem
1806 1719 1992 1746 venum-

150 1765 259 1806 dati.
322 1765 386 1805 15.
417 1763 503 1805 Sed
527 1777 609 1805 nec
632 1764 713 1805 ista
737 1763 988 1804 sufficiunt:
1022 1775 1157 1803 ausus
1179 1766 1243 1803 est
1264 1761 1399 1803 etiam
1431 1761 1599 1803 intrare
1633 1761 1852 1816 templum
1890 1763 1992 1804 uni-

149 1834 279 1865 versa
300 1826 418 1864 terra
440 1822 652 1872 sanctius,
675 1820 880 1862 Menelao
904 1820 1099 1870 duetore,
1123 1820 1202 1874 qui
1224 1818 1392 1874 legum,
1414 1825 1457 1861 et
1479 1819 1650 1874 patriae
1667 1819 1753 1861 fuit
1770 1820 1990 1875 proditor:

152 1881 218 1923 16.
250 1884 293 1922 et
329 1879 524 1921 scelestis
560 1879 774 1921 manibus
810 1891 994 1920 sumens
1029 1883 1185 1919 saneta
1219 1892 1337 1928 vasa,
1370 1891 1487 1933 quae
1520 1877 1577 1918 ab
1610 1877 1712 1919 aliis
1735 1877 1928 1933 regibuS,
1950 1882 1993 1920 et

148 1938 413 1980 civitatibus
447 1942 578 1979 erant
615 1937 758 1992 posita
791 1936 847 1978 ad
882 1940 1205 1978 ornamentum
1241 1935 1340 1984 loci,
1372 1940 1416 1976 et
1448 1934 1654 1989 gloriam,
1688 1935 1993 1978 contrectabat

151 1996 353 2050 indigne,
389 1999 433 2037 et
468 1993 863 2037 contaminabat.16
924 1996 988 2036 17.
1022 1994 1092 2035 Ita.
1124 1993 1351 2034 alienatus
1384 1998 1535 2034 mente
1563 1992 1867 2044 Antiochus,¹⁷
1898 2008 1990 2036 non

149 2053 465 2096 considerabat
486 2053 608 2109 quod
628 2057 808 2108 propter
825 2056 1006 2107 peccata
1023 2051 1333 2092 habitantium
1353 2048 1597 2102 civitatem,
1621 2051 1850 2095 modicum
1872 2051 1992 2094 Deus

150 2112 297 2154 fuerat
314 2112 476 2153 iratus:
509 2116 690 2167 propter
712 2110 833 2165 quod
856 2114 898 2152 et
919 2109 1084 2151 accidit
1106 2109 1222 2151 circa
1245 2108 1396 2150 locum
1419 2109 1661 2164 despectio:
1696 2110 1760 2151 18.
1783 2109 1991 2165 alioquin

151 2170 240 2212 nisi
263 2170 521 2225 contigisset
541 2183 614 2211 eos
636 2168 794 2210 multis
816 2168 1009 2224 peccatis
1039 2182 1130 2209 esse
1164 2167 1405 2218 involutos,
1439 2167 1555 2208 sicut
1588 2166 1876 2219 Heliodorus,
1910 2167 1990 2223 qui

151 2228 316 2270 missus
349 2233 413 2269 est
448 2242 474 2269 a
510 2227 694 2269 Seleuco
728 2241 829 2282 rege
862 2225 919 2267 ad
954 2225 1281 2281 expoliandum
1306 2225 1548 2276 aerarium,
1581 2225 1714 2266 etiam
1741 2224 1815 2267 hic
1836 2226 1990 2267 statim

150 2286 400 2328 adveniens
421 2285 689 2339 flagellatus
721 2289 765 2326 et
790 2283 997 2339 repulsus
1019 2283 1177 2338 utique
1199 2283 1353 2324 fuisset
1376 2282 1432 2324 ab
1454 2282 1656 2324 audacia.
1719 2283 1783 2324 19.
1816 2282 1990 2325 Verum

152 2358 244 2386 non
268 2348 449 2399 propter
486 2342 688 2394 locum,'⁵
717 2346 918 2397 gentem:
952 2341 1026 2383 sed
1065 2346 1245 2396 propter
1279 2345 1461 2395 gentem
1498 2340 1646 2382 locum
1691 2340 1811 2383 Deus
1845 2340 1990 2395 elegit.

152 2402 219 2443 20.
253 2401 450 2456 Ideoque
483 2406 527 2443 et
559 2401 653 2456 ipse
686 2400 809 2442 locus
843 2400 1063 2454 particeps
1097 2400 1239 2440 factus
1272 2403 1336 2440 est
1369 2398 1524 2453 populi
1559 2397 1806 2450 malorum,
1838 2403 1990 2454 postea

150 2464 303 2501 autem
328 2460 404 2500 fiet
425 2459 569 2500 socius
593 2459 813 2500 bonorum
828 2473 836 2510 3
850 2456 876 2479 ¹⁹
897 2462 938 2499 et
956 2458 1031 2512 qui
1049 2456 1289 2498 derelictus
1311 2456 1358 2497 in
1382 2456 1451 2497 ira
1473 2456 1553 2498 Dei
1572 2456 1897 2511 omnipotentis
1915 2463 1991 2509 est,

153 2518 316 2559 iterum
341 2517 388 2558 in
413 2517 569 2571 magni
595 2512 779 2558 Domini
804 2514 1169 2557 reconciliatione
1192 2529 1294 2556 cum
1317 2523 1499 2555 summa
1531 2513 1676 2569 gloria
1701 2513 1990 2558 exaltabitur.

153 2576 220 2617 21.
253 2575 401 2629 Igitur
423 2574 678 2616 Antiochus
700 2572 827 2615 mille
848 2578 890 2614 ct
911 2573 1182 2627 octingentis
1204 2571 1367 2614 ablatis
1390 2571 1444 2613 de
1466 2571 1635 2627 templo
1657 2571 1851 2623 talentis,
1873 2572 1991 2615 velo—

151 2633 262 2675 citer
284 2632 578 2674 Antiochiam
606 2644 827 2687 regressus
861 2635 937 2680 est,
972 2631 1239 2672 existimans
1272 2644 1315 2671 se
1349 2644 1454 2684 prae
1488 2629 1700 2683 superbia
1731 2634 1898 2671 terram
1932 2630 1991 2672 ad

152 2690 485 2745 navigandum,
508 2689 694 2745 pelagus
718 2703 820 2731 vero
843 2688 900 2730 ad
923 2689 1006 2730 iter
1028 2688 1256 2743 agendum
1282 2687 1582 2729 deducturum
1620 2692 1801 2742 propter
1826 2688 1991 2730 mentis

151 2748 410 2790 elationem.
471 2748 536 2789 22.
572 2745 777 2802 Reliquit
798 2751 948 2788 autem
986 2751 1027 2788 et
1062 2746 1335 2801 praepositos
1368 2745 1424 2786 ad
1462 2744 1752 2799 affligendam
1788 2750 1989 2799 gentem:

152 2805 446 2861 Jerosolymis
469 2805 654 2860 quidem
680 2804 949 2859 Philippum
971 2818 1133 2859 genere
1157 2800 1438 2858 Pin-ygcni,²⁰
1468 2800 1670 2844 moribus
1692 2800 1989 2845 crudeliorem

151 2878 204 2906 eo
237 2864 346 2918 ipso,
379 2878 406 2905 a
439 2877 529 2918 quo
563 2862 832 2904 constitutus
866 2867 947 2903 est:
1011 2862 1075 2903 23.
1108 2862 1155 2902 in
1191 2861 1389 2902 Garizim
1413 2865 1562 2902 autem
1597 2860 1926 2911 Andronicum,
1948 2864 1991 2903 et

153 2920 465 2972 Menelauin,²¹
499 2921 577 2976 qui
601 2920 786 2975 gravius
809 2930 948 2974 quam
972 2919 1103 2961 ceteri
1128 2918 1433 2960 imminebant
1455 2917 1642 2959 civibus.
1694 2918 1760 2959 24.
1784 2918 1991 2973 Cumque

153 2980 384 3034 appositus
406 2983 517 3020 esset
538 2983 692 3020 contra
714 2975 960 3028 Juslaeos,²²
991 2976 1113 3017 misit
1135 2976 1340 3018 odiosum
1368 2976 1620 3031 principem
1632 2974 1660 2997 ²³
1690 2975 1988 3031 Apollonium

154 3049 255 3078 cum
281 3036 480 3078 exercitu
504 3036 668 3091 viginti
692 3039 735 3077 et
757 3034 933 3076 duobus
957 3034 1174 3085 millibus,
1197 3033 1477 3089 praecipiens
1510 3033 1548 3074 ei
1583 3047 1738 3075 omnes
1772 3033 1991 3088 perfectae

154 3094 312 3136 aetatis
334 3093 596 3144 interficere,
630 3093 854 3142 mulieres,
889 3106 938 3134 ac
967 3092 1157 3147 juvenes
1191 3091 1393 3133 vendere.
1455 3090 1523 3132 25.
1558 3091 1774 3141 Quicum
1797 3091 1990 3133 venisset
2056 3137 2061 3142 ,

153 3151 497 3206 Jerosolymam,
530 3165 685 3206 pacem
709 3149 944 3201 simulans,
979 3149 1154 3204 quievit
1176 3163 1319 3204 usque
1341 3148 1397 3190 ad
1421 3148 1541 3190 diem
1565 3153 1772 3190 sanctum
1795 3144 1990 3199 sabbati:
2053 3199 2057 3213 Α

153 3214 327 3261 ettunc
349 3209 518 3251 feriatis
539 3208 565 3251 J
570 3208 725 3251 udaeis
735 3207 762 3229 ²⁴
793 3222 922 3250 arma
944 3221 1099 3263 capere
1121 3207 1213 3248 suis
1234 3206 1472 3262 praecepit.
1533 3206 1599 3248 26.
1633 3206 1892 3262 Omnesque
1909 3205 1989 3262 qui
2053 3214 2056 3220 “
