2083 3462
132 110 209 148 826

132 252 238 292 cum
261 236 428 293 quibus
450 236 736 288 habitabant,
757 236 996 278 ascendere
1017 235 1219 292 scaphaS,
1247 250 1360 292 quas
1381 241 1666 293 paraverant,
1697 252 1800 280 cum
1825 238 1976 282 uxori-

132 295 231 346 bus,
252 301 295 338 et
317 295 434 346 filiis,
456 295 584 350 quasi
610 294 752 336 nullis
773 294 1030 336 inimicitiis
1046 294 1166 336 inter
1182 308 1254 336 eos
1270 294 1618 351 subjacentibus.
1651 296 1690 338 4.
1711 296 1974 339 Secundum

133 367 377 396 commune
413 353 566 408 itaque
603 352 834 394 decretum
871 352 1080 403 civitatis,
1116 356 1160 394 et
1194 352 1303 407 ipsis
1324 353 1726 408 acquiescentibus,
1761 354 1976 410 pacisque

133 425 269 454 causa
291 410 409 452 nihil
432 415 689 466 suspectum
713 409 1007 452 habentibus:
1040 424 1145 452 cum
1177 410 1225 451 in
1259 410 1402 452 altum
1428 412 1754 466 processissent,
1775 411 1977 455 submer-

133 473 292 511 serunt
312 483 404 510 non
428 469 582 510 minus
604 468 832 510 ducentos.
883 468 922 509 5.
955 468 1105 518 Quam
1128 467 1443 510 crudelitatem
1466 469 1492 511 J
1498 469 1609 511 udas
1631 469 1679 510 in
1702 484 1808 512 suae
1828 469 1977 525 gentis
2005 483 2010 490 ¹
2054 490 2058 499 »

134 525 344 569 homines
366 527 528 568 fact-am
554 530 604 568 ut
625 525 850 581 cognovit,
872 525 1099 581 praecepit
1121 525 1243 576 viris,
1265 526 1344 581 qui
1367 532 1495 568 erant
1516 541 1618 569 cum
1643 527 1759 583 ipso:
1791 532 1834 570 et
1850 527 1977 570 invo-

134 590 233 627 cato
248 585 372 639 justo
388 584 542 639 judice
565 584 671 635 Deo,
722 585 760 625 6.
793 584 919 625 venit
941 583 1156 625 adversus
1178 583 1482 627 interfectores
1501 585 1708 637 fratrum,
1730 590 1773 627 et
1794 591 1978 641 port-um

134 642 322 698 quidem
346 647 480 684 noctu
503 641 748 693 succendit,
775 641 966 695 scaphas
999 642 1182 692 exussit,
1215 656 1288 683 eos
1320 647 1487 694 autem,
1520 643 1599 698 qui
1633 642 1691 685 ab
1725 643 1830 698 igne
1862 644 1979 687 refu·

133 706 306 756 gerant,
327 699 480 753 gladio
503 700 704 756 peremit.
753 701 790 743 7.
824 699 882 740 Et
903 713 1006 741 cum
1031 699 1142 741 haec
1163 699 1224 740 ita
1247 700 1418 754 egisset,
1445 700 1646 743 discessit
1661 701 1791 756 quasi
1809 701 1977 745 iterum

134 769 409 809 reversurus,
441 764 485 800 et
518 758 753 799 universos
780 757 987 812 Joppitas
1008 757 1330 799 eradicaturus.
1392 759 1430 799 8.
1461 758 1545 800 Sed
1569 773 1672 800 cum
1696 759 1980 814 cognovisset

133 821 178 859 et
209 831 295 867 eos,
327 817 407 872 qui
442 820 573 858 erant
604 815 829 867 Jamniae,
865 815 980 857 velle
1013 815 1111 870 pari
1146 815 1280 857 modo
1314 815 1456 858 facere
1488 815 1804 858 habitantibus
1825 831 1978 859 secum

133 874 334 924 Judaeis,
392 875 430 916 9.
463 874 682 916 Jamnitis
704 886 886 929 quoque
908 878 1037 923 nocte
1058 873 1333 928 supervenit,
1367 878 1410 916 et
1443 878 1624 929 portum
1654 889 1756 916 cum
1781 874 1979 918 navibus

134 932 386 975 succendit:
420 933 482 974 ita
506 938 556 973 ut
584 931 740 973 lumen
776 931 897 986 ignis
930 936 1166 986 appareret
1197 931 1491 987 Jerosolymis
1523 946 1550 974 a
1581 932 1739 974 stadiis
1773 932 1980 976 ducentis

134 991 454 1046 quadraginta.
518 991 582 1032 10.
615 990 729 1031 Inde
752 1004 854 1031 cum
872 989 969 1044 jam
992 988 1209 1031 abiissent
1231 1003 1393 1031 novem
1417 990 1587 1040 stadiis,
1612 996 1655 1032 et
1677 991 1762 1032 iter
1782 990 1980 1033 facerent

134 1049 192 1091 ad
210 1048 519 1099 Timotheum,
535 1048 863 1090 commiserunt
880 1060 982 1089 cum
1002 1061 1052 1089 eo
1070 1046 1265 1089 Arabes²
1289 1048 1495 1103 quinque
1513 1048 1661 1090 millia
1678 1048 1779 1099 viri,
1796 1053 1839 1090 et
1856 1048 1980 1104 equi-

134 1111 199 1149 tes
220 1106 477 1162 quingenti.
541 1107 606 1147 11.
639 1105 846 1161 Cumque
869 1116 1025 1161 pugna
1047 1103 1202 1147 valida
1223 1106 1359 1154 fieret,
1391 1111 1435 1147 et
1467 1106 1642 1148 auxilio
1665 1106 1746 1148 Dei
1770 1120 1979 1162 prospere

134 1165 345 1216 cessisset,
368 1163 535 1206 residui
559 1163 731 1205 Arabes
754 1164 875 1214 victi,
898 1162 1110 1219 petebant
1132 1178 1158 1205 a
1179 1163 1205 1205 J
1211 1163 1300 1205 uda
1322 1163 1532 1205 dextram
1551 1164 1635 1205 sibi
1659 1164 1770 1215 dari,
1793 1164 1980 1220 promit·

134 1226 278 1265 tentes
298 1237 343 1264 se
364 1236 532 1278 pascua
551 1222 749 1273 daturos,
772 1226 814 1264 et
836 1222 883 1262 in
907 1222 1062 1263 ceteris
1084 1221 1353 1276 profuturos.
1413 1222 1476 1263 12.
1509 1221 1535 1263 J
1541 1222 1652 1264 udas
1674 1229 1840 1273 autem,
1863 1221 1979 1264 arbi-

135 1286 279 1323 tratus
314 1291 417 1323 vere
450 1280 497 1322 in
534 1280 693 1322 multis
725 1294 798 1321 eos
832 1279 977 1330 utiles,
1010 1279 1221 1334 promisit
1253 1293 1430 1334 pacem:
1475 1279 1737 1335 dextrisque
1774 1279 1979 1335 acceptis,

134 1339 373 1381 discessere
409 1338 466 1380 ad
504 1337 799 1380 tabernacula.
834 1352 927 1379 sua.
992 1338 1054 1378 13.
1092 1337 1341 1392 Aggressus
1376 1342 1441 1379 est
1477 1342 1629 1379 autem
1666 1343 1709 1380 et
1745 1337 1977 1380 civitatem

134 1397 370 1452 quandam
394 1397 574 1438 firmam
599 1395 814 1451 pontibus
837 1395 1071 1449 murisque
1093 1395 1454 1450 circumseptam,
1477 1409 1593 1450 quae
1625 1410 1649 1437 a
1684 1395 1830 1438 turbis
1851 1395 1979 1438 habi·

134 1454 319 1497 tabatur
338 1454 544 1510 gentium
570 1454 946 1509 promiscuarum,
979 1454 1052 1494 cui
1078 1467 1241 1494 nomen
1267 1452 1506 1509 Caspliin.³
1567 1454 1631 1495 14.
1665 1453 1729 1495 Hi
1754 1468 1871 1505 vero,
1897 1453 1977 1510 qui
2024 1462 2027 1463 ’
2064 1449 2065 1456 ’

136 1513 263 1555 intus
294 1517 437 1563 erant,
473 1512 750 1554 confidentes
785 1512 833 1553 in
871 1511 1117 1553 stabilitate
1152 1518 1404 1560 murorum,
1430 1516 1473 1553 et
1509 1516 1731 1567 apparatu
1768 1511 1979 1554 alimoni-

135 1582 282 1623 arum,
317 1570 547 1613 remissius
579 1569 788 1624 agebant,
823 1569 1076 1611 maledictis
1098 1568 1361 1611 lacessentes
1382 1569 1408 1611 J
1414 1569 1566 1620 udam,
1595 1574 1637 1611 et
1659 1569 1979 1625 blaspheman-

136 1634 213 1681 tes,
252 1642 305 1671 ac
345 1628 579 1684 loquentes
621 1642 737 1683 quae
778 1628 843 1669 fas
879 1636 971 1669 11011
1012 1632 1088 1669 est.
1151 1628 1216 1668 15..
1251 1626 1554 1669 Machabaeus
1574 1631 1741 1676 autem,
1768 1628 1978 1670 invocato

137 1699 306 1743 magno
348 1686 511 1728 mundi
554 1685 777 1741 Principe,
819 1685 898 1741 qui
941 1684 1038 1727 sine
1078 1684 1308 1736 arietibus,
1350 1689 1393 1726 et
1434 1684 1660 1727 machinis
1698 1684 1978 1740 temporibus

135 1745 243 1787 Jesu
278 1744 595 1800 praecipitavit
627 1743 821 1794 Jericho,
854 1743 990 1784 irruit
1021 1743 1226 1784 ferociter
1256 1743 1418 1784 muris:
1482 1744 1546 1785 16.
1579 1747 1622 1785 et
1643 1749 1774 1798 capta
1794 1743 1978 1798 civitate

137 1816 217 1858 per
258 1802 445 1845 Domini
487 1802 770 1844 voluntatem
814 1800 1175 1842 innumerabiles
1216 1800 1371 1842 caedes
1412 1800 1526 1851 fecit,
1579 1801 1641 1842 ita
1683 1806 1733 1842 ut
1768 1800 1979 1855 adjacens

135 1866 349 1917 stagnum
385 1860 636 1903 stadiorum
666 1859 863 1901 duorum
902 1858 1173 1909 latitudinis,
1207 1858 1430 1914 sanguine
1467 1858 1803 1900 interfectorum
1839 1859 1979 1902 fluere

138 1919 380 1961 videretur.
443 1920 509 1961 17.
542 1918 656 1960 Inde
688 1918 988 1959 discesserunt
1023 1916 1169 1958 stadia
1205 1917 1491 1971 septingenta
1528 1917 1904 1972 quinquaginta*
1935 1921 1979 1960 et

137 1982 362 2020 Venerunt
385 1977 433 2018 in
456 1975 681 2019 Characa⁵
710 1975 766 2017 ad
790 1990 875 2026 eos,
897 1975 976 2029 qui
1000 1975 1218 2016 dicuntur
1239 1972 1530 2025 Τ1111111111101,6
1560 1974 1775 2016 Judaeos:
1838 1975 1904 2017 18.
1936 1978 1979 2017 et

136 2033 430 2077 Timotheum
456 2034 643 2090 quidem
667 2034 714 2075 in
739 2033 831 2075 illis
862 2032 970 2075 locis
1002 2046 1094 2074 11011
1121 2031 1576 2087 comprehenderunt,
1609 2032 1829 2088 nulloque
1846 2046 1979 2088 nego-

137 2093 200 2135 tio
223 2093 416 2149 perfecto
453 2106 676 2148 regressus
697 2090 796 2142 est,⁷
832 2091 985 2132 relicto
1018 2091 1064 2132 in
1098 2090 1297 2145 quodam
1331 2089 1426 2132 loco
1458 2090 1719 2132 firmissimo
1741 2090 1978 2146 praesidio.

138 2152 206 2193 19.
248 2150 490 2193 Dositheus
530 2155 697 2200 autem,
738 2154 780 2191 et
815 2149 1052 2203 Sosipater,
1094 2148 1172 2203 qui
1211 2152 1337 2189 erant
1376 2148 1511 2190 duces
1547 2162 1650 2190 cum
1690 2148 1978 2200 Machabaeo‚

137 2214 430 2266 peremerunt
478 2223 506 2250 a
556 2207 795 2249 Timotheo
843 2206 1020 2248 relictos
1071 2206 1120 2247 in
1171 2206 1408 2261 praesidio,
1459 2206 1613 2248 decem
1656 2206 1803 2248 millia
1844 2207 1977 2249 viros.

138 2268 205 2309 20.
239 2268 300 2309 At
322 2266 637 2314 Machabaeus,
658 2265 880 2307 ordinatis
902 2262 1072 2306 circum
1107 2278 1151 2306 se
1184 2276 1261 2306 sex
1296 2263 1514 2315 millibus,
1548 2269 1591 2306 et
1623 2263 1878 2306 constitutis
1899 2278 1980 2320 per

138 2325 354 2375 cohortes,
376 2324 591 2366 adversus
612 2321 905 2365 Timotheum
930 2322 1152 2377 processit,
1179 2321 1421 2363 habentem
1440 2336 1590 2363 secum
1610 2326 1791 2364 centum
1810 2321 1977 2377 viginti

138 2382 289 2424 millia
311 2382 530 2438 peditum,
552 2382 852 2436 equitumque
874 2380 963 2422 duo
987 2379 1134 2421 millia
1156 2379 1466 2434 quingentosss
1513 2380 1577 2421 21.
1611 2379 1801 2435 Cognito
1823 2384 1974 2422 autem

139 2438 287 2483 Judae
317 2440 531 2490 adventu,
573 2439 841 2481 Timotheus
876 2438 1108 2493 praemisit
1144 2437 1369 2488 mulieres,
1410 2442 1453 2479 et
1493 2437 1621 2489 filios,
1663 2443 1704 2479 et
1745 2437 1976 2493 reliquum

140 2504 426 2554 apparatum,
448 2498 495 2539 111
520 2497 811 2553 praesidium,
834 2496 956 2552 quod
978 2495 1175 2537 Carnion
1199 2493 1411 2537 diciturz⁹
1442 2501 1536 2537 erat
1553 2495 1672 2537 enim
1694 2495 1977 2550 inexpugna-

140 2556 244 2607 bile,
277 2561 320 2598 et
352 2570 528 2597 accessu
552 2555 736 2597 difficile
759 2559 938 2610 propter
961 2553 1158 2595 locorum
1183 2554 1429 2608 angustias.
1491 2554 1557 2595 22.
1590 2553 1797 2608 Cumque
1819 2553 1978 2595 cohors

140 2614 287 2656 Judae
309 2614 459 2668 prima
480 2608 772 2668 apparuisset,
795 2609 1158 2653 timor‘hostibus
1181 2611 1386 2652 incussus
1408 2615 1484 2661 est,
1518 2625 1573 2652 ex
1605 2611 1858 2666 praesentia
1880 2610 1978 2662 Dei,

141 2672 220 2728 qui
244 2672 457 2713 universa
479 2671 710 2725 conspicit,
739 2676 780 2712 et
803 2670 848 2710 in
874 2670 1027 2724 fugam
1054 2669 1170 2711 versi
1193 2674 1300 2710 sunt
1321 2668 1437 2710 alius
1460 2668 1516 2710 ab
1537 2669 1640 2719 alio,
1674 2668 1738 2710 ita
1759 2673 1810 2710 ut
1832 2668 1978 2722 magis

141 2744 166 2771 a
189 2729 281 2771 suis
297 2729 609 2783 dejicerentur,
635 2734 677 2769 et
691 2727 951 2782 gladiorum
969 2741 1152 2768 suorum
1173 2726 1337 2768 ictibus
1354 2725 1713 2768 debilitarentur.
1746 2726 1812 2768 23.
1834 2725 1978 2768 Judas

141 2792 292 2830 autem
311 2784 602 2828 vehementer
616 2785 812 2827 instabat
831 2786 1025 2841 puniens
1043 2785 1264 2839 profanos,
1276 2783 1302 2805 ¹⁰
1319 2789 1361 2826 et
1378 2784 1620 2840 prostravit
1637 2798 1691 2826 ex
1709 2784 1771 2826 eis
1788 2783 1979 2839 triginta

142 2844 291 2886 millia
313 2845 530 2886 virorum.
593 2844 658 2885 24.
692 2844 791 2898 Ipse
815 2856 918 2884 vero
940 2842 1206 2883 Timotheus
1229 2841 1391 2883 incidit
1422 2841 1469 2883 in
1505 2847 1652 2897 partes
1686 2841 1902 2887 Dosithei.
1935 2845 1980 2884 et

141 2902 399 2958 Sosipatris:
433 2907 475 2944 et
497 2901 654 2943 multis
676 2900 882 2956 precibus
907 2899 1160 2955 postulabat
1183 2904 1233 2941 ut
1255 2900 1389 2941 vivus
1421 2899 1738 2950 dimitteretur,
1771 2913 1822 2941 eo
1854 2898 1977 2954 quod

142 2960 393 3002 multorum
418 2975 471 3002 ex
495 2952 715 3002 1111110013ιι
739 2963 945 3014 parentes
964 2957 1158 3005 haberet,
1177 2972 1227 2999 ac
1245 2958 1413 3007 fratres,
1431 2971 1543 3012 quos
1560 2962 1702 2999 morte
1719 2957 1813 3012 ejus
1830 2955 1977 3012 decipi

142 3018 355 3060 eveniret.
370 3016 395 3038 ¹²
455 3018 520 3059 25.
555 3017 736 3058 Etcum
776 3016 911 3057 fidem
936 3014 1167 3057 dedisset¹³
1199 3015 1514 3057 restituturum
1551 3029 1596 3056 se
1633 3029 1704 3056 eos
1725 3013 1977 3056 secundum

142 3075 454 3121 constitutum,
477 3074 682 3116 illaesum
709 3088 810 3115 eum
837 3073 1107 3115 dimiserunt
1130 3078 1311 3128 propter
1332 3072 1523 3114 fratrum
1547 3071 1753 3114 salutem.
1805 3072 1870 3113 26.
1899 3071 1979 3114 Ju-

143 3132 224 3175 das
240 3138 391 3174 autem
410 3146 610 3188 egressus
628 3137 692 3174 est
708 3132 764 3173 ad
784 3131 994 3181 Carnion,
1007 3129 1032 3151 ¹⁴
1055 3130 1299 3172 interfectis
1316 3129 1481 3184 viginti
1501 3129 1706 3185 quinque
1724 3129 1940 3172 millibus.
1953 3127 1981 3150 ¹⁵

142 3188 210 3234 22⁶.
242 3190 347 3233 Post·
367 3189 532 3232 horum
555 3190 724 3246 fugam,
747 3194 789 3232 et
806 3203 974 3241 necem,
997 3188 1140 3230 movit
1157 3187 1404 3230 exercitum
1423 3187 1480 3229 ad
1500 3186 1726 3243 Ephron¹⁶
1747 3186 1977 3230 civitatem
