2083 3462
549 133 631 174 Der
651 133 816 183 {prophet
845 132 1006 174 mantel.
1036 132 1098 183 10,
1120 133 1156 174 1.
1187 133 1300 174 ἳῐηηι.
1322 133 1438 175 1-2,
1838 132 1913 173 579

860 261 1031 330 Caput
1066 262 1132 312 X.

131 396 170 439 1.
202 396 338 438 Anno
374 393 504 437 tertio
539 392 667 449 Cyri¹
700 392 816 448 regis
850 393 1104 444 Persarum,
1138 393 1328 436 verbum
1364 394 1613 437 revelatum
1644 397 1708 436 est
1731 393 1912 436 Danieli

73 457 372 510 cognomento
406 452 645 502 Baltassm,
682 455 724 494 et
762 450 952 493 verbum
991 451 1188 503 ve1·um,²
1218 457 1260 494 et
1293 452 1509 495 fortitudo
1544 450 1756 506 magna:3
1783 451 1913 495 intel-

72 511 275 567 lexitque
296 509 594 552 sermolien1:⁴
625 508 932 564 intelligentia
953 509 1074 551 enim
1100 514 1164 551 est
1185 524 1297 565 opus
1318 510 1366 552 in
1392 511 1576 552 visione.
1611 511 1648 552 2.
1683 510 1736 551 In
1754 509 1914 552 diebus

73 569 167 613 illis
206 583 287 624 ego
330 567 492 610 Daniel
535 566 776 624 lugeba1n⁵
820 566 960 608 trium
1004 566 1396 609 hebdomadarum
1439 567 1610 619 diebus,
1671 568 1708 610 3.
1745 581 1911 624 panem

72 625 443 671 desiderabilem
485 640 575 670 non
620 624 809 675 comedi,
846 628 888 666 et
924 638 1026 666 caro
1063 629 1104 666 et
1140 625 1302 667 vinum
1342 639 1433 668 non
1473 626 1746 668 introierunt
1780 625 1827 667 in
1866 639 1913 668 os

71 699 241 736 meum,
274 684 348 727 sed
387 697 534 739 neque
570 687 807 738 unguento
848 687 1013 724 unctus
1053 696 1174 725 sum:
1222 683 1364 725 donec
1401 683 1734 739 complerentur
1769 683 1911 726 trium

72 742 464 786 hebdomadarum
503 741 608 784 dies.
670 742 707 782 4.
743 740 826 783 Die
858 746 1010 782 autem
1047 740 1269 794 vigesima
1306 745 1348 783 et
1384 747 1546 796 quarta
1580 742 1747 783 mensis
1773 741 1911 797 primi

71 815 193 845 eram
211 801 346 856 juxta
368 799 563 842 fluvium
587 812 823 854 magnum,
846 798 924 854 qui
956 802 1020 840 est
1041 798 1227 852 Tigris.⁷
1287 799 1325 840 5.
1359 798 1416 840 Et
1438 798 1586 841 levavi
1605 799 1756 841 oculos
1778 813 1931 851 meos,-

72 863 114 902 et
155 858 272 901 vidi:
319 862 362 900 et
404 871 502 900 ecce
534 857 606 899 vir
640 870 760 898 unus
794 856 982 899 vestitus
1015 855 1183 907 lineis,⁸
1213 860 1255 898 et
1289 870 1414 898 renes
1448 857 1542 911 ejus
1578 857 1766 900 accincti
1802 871 1914 900 auro

71 915 266 960 obrizo:⁹
325 916 363 958 6.
406 920 449 958 et
501 929 661 970 corpus
702 914 796 969 ejus
837 914 966 970 quasi
1009 913 1368 969 chrysolithus‚¹⁰
1398 919 1440 956 et
1480 915 1613 957 facies
1653 915 1746 970 ejus
1788 915 1914 959 velut

70 974 237 1031 species
288 973 496 1028 fulguris,
548 977 591 1015 et
642 972 760 1014 oculi
804 972 898 1027 ejus
948 976 999 1014 ut
1040 971 1214 1027 lampas
1263 972 1445 1014 ardens:
1497 978 1539 1014 et
1580 972 1766 1015 brachia
1806 973 1913 1028 ejus,

72 1037 115 1076 et
148 1046 264 1088 quae
298 1031 508 1074 deorsum
541 1035 649 1073 sunt
685 1044 827 1085 usque
861 1029 915 1072 ad
941 1029 1087 1085 pedes,
1110 1030 1240 1085 quasi
1263 1030 1428 1085 species
1450 1030 1563 1072 aeris
1586 1030 1838 1073 candentis:
1871 1036 1914 1073 et

73 1102 162 1133 vox
196 1103 457 1132 sermonum
492 1089 586 1144 ejus
619 1092 670 1131 ut
706 1102 795 1130 vox
831 1086 1193 1130 multitudinis.¹¹
1254 1088 1292 1131 7.
1325 1088 1434 1130 Vidi
1470 1092 1621 1130 autem
1645 1102 1725 1141 ego
1749 1088 1913 1130 Daniel

71 1147 193 1191 solus
225 1147 467 1190 visionem:
501 1161 633 1203 porro
666 1146 768 1197 viri,
802 1146 881 1202 qui
916 1150 1045 1188 erant
1079 1160 1271 1197 mecum,
1293 1160 1385 1187 non
1409 1145 1643 1189 viderunt:
1675 1146 1748 1188 sed
1773 1151 1914 1188 terror

71 1205 245 1249 nimius
285 1205 419 1248 irruit·
459 1219 594 1260 super
634 1218 718 1255 eos,
740 1208 782 1246 et
817 1204 1033 1259 fugerunt
1069 1204 1116 1245 in
1160 1203 1490 1246 absconditum.
1553 1205 1590 1246 8.
1623 1203 1719 1259 Ego
1760 1209 1912 1247 autem

71 1263 255 1307 relictus
295 1263 415 1306 solus
456 1263 552 1305 vidi
590 1262 811 1305 visionem
849 1261 1069 1317 grandem
1112 1261 1251 1304 hanc:
1283 1266 1327 1304 et
1366 1272 1458 1304 non
1501 1262 1719 1304 remansit
1751 1261 1799 1304 in
1841 1276 1913 1305 me

70 1321 300 1372 fortitudo,
335 1321 412 1364 sed
447 1326 489 1363 et
521 1321 687 1377 species
715 1334 816 1363 mea
838 1320 1083 1362 immutata
1104 1325 1169 1362 est
1189 1320 1237 1361 in
1262 1334 1347 1371 me,
1369 1324 1411 1362 et
1432 1319 1646 1370 emarcui,
1669 1334 1749 1362 nec
1770 1319 1914 1362 habui

70 1379 326 1436 quidquam
365 1379 551 1421 virium.
612 1379 650 1420 9.
697 1378 756 1420 Et
791 1377 949 1421 audivi
988 1392 1142 1420 vocem
1184 1392 1445 1420 sermonum
1483 1378 1596 1433 ejus:
1643 1382 1686 1420 et
1721 1377 1912 1420 audiens

65 1437 272 1495 jacebam
315 1441 625 1479 consternatus
665 1450 799 1492 super
839 1436 999 1478 faciem
1042 1450 1206 1488 meam,
1253 1440 1296 1478 et
1336 1435 1491 1477 vultus
1533 1449 1660 1478 meus
1700 1435 1914 1478 haerebat

71 1500 228 1539 terrae.
290 1496 357 1538 10.
390 1495 446 1537 Et
480 1509 578 1537 ecce
611 1509 776 1536 manus
808 1494 957 1549 tetigit
980 1508 1064 1543 me,
1087 1498 1129 1535 et
1150 1494 1292 1536 erexit
1316 1508 1387 1536 me
1409 1508 1543 1549 super
1564 1508 1714 1548 genua
1736 1508 1849 1544 inea,
1871 1498 1911 1536 et

70 1567 206 1610 super
245 1552 458 1596 articulos
498 1566 724 1595 manuum
766 1566 985 1595 mearum.
1048 1553 1113 1594 11.
1151 1551 1208 1594 Et
1251 1551 1369 1595 dixit
1410 1551 1466 1594 ad
1511 1566 1602 1593 me:
1636 1551 1799 1594 Daniel
1843 1551 1913 1594 vir

71 1611 412 1661 desideriorum,
443 1610 648 1666 intellige
671 1610 822 1662 verba,
844 1624 960 1666 quae
983 1624 1063 1665 ego
1085 1609 1246 1665 loquor
1267 1610 1324 1653 ad
1346 1614 1401 1660 te,
1424 1614 1467 1652 et
1487 1614 1555 1652 sta
1576 1609 1624 1651 in
1647 1609 1792 1664 gradu
1814 1613 1911 1651 tuo:

71 1683 196 1712 nunc
217 1669 340 1712 enim
375 1683 475 1711 sum
512 1669 674 1711 missus
696 1668 753 1710 ad
776 1673 830 1710 te.
892 1668 1099 1723 Cumque
1134 1668 1322 1710 dixisset
1344 1667 1460 1709 mihi
1483 1681 1736 1710 sermonem
1760 1669 1912 1719 istum,

70 1727 172 1771 steti
202 1731 411 1770 tremens.
473 1727 539 1769 12.
572 1726 630 1768 Et
669 1726 733 1769 ait
773 1726 830 1769 ad
872 1740 964 1768 me:
997 1726 1101 1768 Noli
1143 1735 1343 1768 metuere
1383 1725 1568 1776 Daniel,
1599 1726 1708 1781 quia
1744 1739 1798 1768 ex
1841 1725 1913 1768 die

72 1785 233 1843 primo,
266 1799 356 1841 quo
389 1785 577 1840 posuisti
612 1798 686 1827 cor
719 1788 850 1827 tuum
885 1784 942 1826 ad
977 1783 1327 1839 intelligendum
1364 1788 1414 1826 ut
1436 1788 1478 1826 te
1499 1783 1719 1838 affligeres
1740 1783 1789 1825 in
1812 1797 1913 1825 con-

72 1848 226 1901 spectu
265 1842 346 1885 Dei
381 1841 501 1895 tui‚¹²
531 1842 747 1885 exaudita
775 1846 881 1884 sunt
903 1841 1041 1884 verba
1062 1846 1159 1884 tua:
1192 1847 1235 1884 et
1256 1856 1337 1897 ego
1360 1842 1462 1884 veni
1487 1846 1667 1897 propter
1687 1855 1914 1883 sermones

71 1905 185 1945 tuos.
246 1901 311 1944 13.
345 1900 560 1957 Princeps
581 1905 733 1944 autem
757 1900 884 1956 regni
909 1900 1147 1942 Persarum
1161 1898 1188 1922 ¹⁸
1208 1900 1370 1942 restitit
1393 1899 1508 1942 mihi
1522 1898 1548 1920 ¹⁴
1569 1899 1733 1955 viginti
1757 1904 1799 1941 et
1821 1913 1913 1941 uno

72 1958 290 2003 diebusz¹⁵
311 1964 353 2001 et
370 1973 468 2001 ecce
485 1958 680 2001 Michael
694 1957 720 1980 ¹⁶
737 1973 856 2000 unus
874 1958 928 1999 de
945 1957 1229 2014 principibus
1246 1958 1407 2014 primis
1425 1957 1549 2000 venit
1566 1957 1613 1998 in
1632 1957 1911 2012 adjutorium

72 2031 242 2067 meum,
264 2021 306 2059 et
328 2031 408 2072 ego
431 2016 625 2059 remansi
662 2016 725 2058 ibi
738 2015 763 2040 ¹⁷
789 2017 922 2071 juxta
952 2030 1100 2071 regem
1132 2016 1386 2060 Persarum.
1449 2016 1513 2058 14.
1547 2015 1665 2058 Veni
1688 2019 1838 2057 autem
1862 2021 1914 2057 ut

8 2073 15 2080 ’
72 2075 276 2118 docerem
300 2079 343 2116 te
365 2088 481 2130 quae
502 2079 696 2116 ventura
717 2079 824 2116 sunt
846 2073 1014 2129 populo
1036 2078 1114 2116 tuo
1136 2074 1183 2116 in
1216 2073 1476 2115 novissimis
1498 2073 1669 2124 diebus,
1691 2072 1913 2128 quoniam

71 2133 223 2176 adhuc
246 2132 360 2175 visio
381 2132 430 2174 in
454 2132 560 2174 dies.
573 2131 600 2154 ¹³
660 2132 725 2176 15.
758 2134 965 2187 Cumque
991 2131 1252 2187 loqueretur
1273 2131 1390 2174 mihi
1414 2131 1727 2187 hujuscemodi
1751 2130 1912 2182 verbis,

71 2190 210 2246 dejeci
243 2191 426 2233 vultum
461 2204 615 2232 meum
650 2189 706 2232 ad
740 2194 920 2241 terram,
950 2194 992 2232 et
1012 2189 1146 2232 tacui.
1208 2191 1274 2232 16.
1306 2189 1364 2232 Et
1386 2204 1484 2232 ecce
1505 2189 1634 2245 quasi
1657 2188 1912 2231 similitudo

70 2248 156 2292 filii
178 2247 418 2291 hominis¹⁹
437 2247 586 2304 tetigit
607 2247 728 2290 labia
750 2262 868 2290 mea:
885 2252 927 2289 et
943 2248 1148 2304 aperiens
1169 2262 1216 2290 os
1238 2262 1392 2290 meum
1416 2247 1592 2290 locutus
1613 2261 1727 2297 suni,
1749 2251 1792 2289 et
1813 2245 1912 2288 dixi

71 2306 129 2350 ad
152 2320 270 2357 eum,
293 2306 372 2363 qui
395 2305 541 2348 stabat
574 2310 730 2348 contra
763 2304 893 2349 mez²⁰
925 2305 1119 2348 Domine
1156 2305 1268 2357 mi‚²¹
1301 2306 1349 2348 in
1373 2306 1547 2347 visione
1569 2310 1647 2348 tua
1669 2304 1912 2347 dissolutae

70 2368 178 2408 sunt
199 2378 436 2420 compages
458 2378 596 2414 meae,
618 2368 660 2406 et
677 2363 795 2405 nihil
819 2363 868 2406 in
898 2378 970 2405 me
1007 2364 1225 2406 remansit
1260 2364 1444 2406 virium.
1507 2364 1572 2406 17.
1606 2363 1663 2406 Et
1684 2361 1911 2418 quomodo

70 2422 235 2479 poterit
267 2437 421 2465 servus
455 2421 643 2464 Domini
678 2422 765 2464 mei
801 2421 926 2477 loqui
962 2435 1065 2463 cum
1102 2421 1299 2464 Domino
1321 2422 1448 2464 meo?
1480 2420 1599 2463 nihil
1622 2420 1745 2463 enim
1768 2420 1815 2462 in
1841 2434 1912 2462 me

69 2480 287 2523 remansit
308 2480 493 2531 virium,
514 2479 590 2522 sed
612 2479 783 2522 halitus
806 2493 931 2522 meus
954 2479 1286 2522 intercluditur.
1324 2480 1389 2522 18.
1412 2479 1614 2522 Rursum
1637 2492 1741 2533 ergo
1762 2477 1911 2533 tetigit

70 2537 181 2581 me²²
211 2538 340 2595 quasi
365 2537 478 2580 visio
511 2537 725 2588 hominis,
759 2541 801 2579 et
834 2537 1105 2579 confortavit
1138 2551 1223 2589 me,
1285 2538 1350 2579 19.
1383 2541 1425 2580 et
1454 2536 1591 2579 dixit:
1627 2536 1729 2578 Noli
1752 2536 1911 2578 timere

70 2595 143 2639 vir
163 2595 511 2638 desideriorum:
544 2609 633 2651 pax
656 2595 760 2637 tibi:
793 2596 1056 2646 confortare,
1090 2599 1132 2637 et
1154 2600 1245 2637 esto
1268 2594 1489 2637 robustus.
1532 2595 1738 2649 Cumque
1760 2593 1911 2649 loque-

70 2658 194 2696 retur
216 2668 408 2703 mecum,
431 2652 658 2704 convalui,
680 2657 723 2695 et
744 2652 861 2695 dixi:
886 2653 1088 2708 Loquere
1112 2653 1307 2696 Domine
1324 2653 1401 2704 mi,
1424 2652 1533 2708 quia
1550 2651 1808 2694 confortasti
1828 2665 1910 2693 me.

71 2711 137 2755 20.
170 2711 229 2754 Et
262 2711 343 2754 ait:
377 2710 615 2766 Numquid
649 2710 733 2752 scis
766 2725 907 2766 quare
940 2710 1144 2753 venerim
1178 2711 1235 2753 ad
1271 2709 1379 2753 te‘32'8
1409 2716 1452 2753 et
1485 2724 1609 2753 nunc
1642 2713 1840 2751 revertar
1860 2711 1910 2750 ut

69 2768 300 2826 praelier&
330 2769 572 2811 adversum
595 2768 849 2824 principem
873 2768 1132 2819 Persarum3
1166 2783 1268 2810 cum
1293 2783 1374 2824 ego
1396 2766 1678 2823 egrederer,²⁵
1698 2766 1911 2822 apparuit

68 2826 278 2883 princeps
299 2826 572 2869 Graecorum
595 2826 795 2869 veniens.
856 2826 922 2868 21.
970 2826 1301 2868 Verumtamen
1339 2825 1626 2868 annuntiabo
1664 2824 1746 2867 tibi
1785 2822 1907 2904 QUOd

69 2897 331 2941 expressum
373 2889 437 2927 est
470 2884 520 2926 in
553 2884 776 2940 scriptura
816 2883 1078 2926 veritatis:²⁶
1108 2889 1150 2926 et
1183 2898 1317 2926 nemo
1353 2889 1417 2927 est
1449 2883 1629 2939 adjutor
1665 2896 1792 2925 meus
1858 2881 1909 2923 in

68 2941 284 2986 omnibus
305 2942 389 2994 his,
411 2942 497 2986 nisi
521 2941 718 2984 Michael
740 2941 949 2998 princeps
971 2940 1165 2984 vester.²⁸

119 3056 161 3101 1)
189 3056 240 3094 Εὐ
260 3056 363 3092 bleibt
379 3056 618 3101 intingerent,
637 3057 677 3092 ob
696 3056 766 3097 bier
783 3057 848 3092 baa
866 3056 965 3092 britte
983 3057 1080 3099 &abr
1097 3058 1153 3092 ber
1170 3056 1360 3100 Sjcrrscbaft
1377 3057 1434 3092 bcss
1453 3056 1569 3096 OEnruss
1588 3055 1778 3097 {uberhaupt
1795 3057 1860 3090 535
1876 3062 1907 3089 n.

70 3102 155 3143 ΕΜ.
174 3104 331 3139 oberras
349 3105 405 3138 ber
423 3102 718 3145 Qmeinberrfmur‘t
736 3106 802 3138 :333
820 3112 858 3147 gu
877 3103 1039 3145 vcrsseben
1069 3103 1121 3145 sei.
1140 3123 1186 3128 —-
1204 3102 1250 3145 2>
1277 3106 1309 3139 b.
1345 3103 1376 3144 b.
1411 3103 1464 3138 ein
1498 3103 1609 3143 assurt,
1643 3105 1708 3137 tvae
1741 3099 1828 3143 nidyt
1860 3099 1907 3135 im

6 3159 22 3206 j,
70 3148 233 3193 arnume,
259 3149 401 3193 sont-ern
429 3149 476 3185 im
503 3149 633 3189 macheu
658 3148 836 3192 gustante,
863 3149 927 3184 mit
952 3154 1012 3184 ben
1039 3149 1156 3189 Qbren
1175 3157 1392 3185 vernmumen
1411 3150 1525 3192 marm
1551 3147 1630 3193 uad>
1649 3147 1826 3183 anberen:
1853 3145 1908 3181 ein

436 3207 458 3246 8
471 3207 631 3251 edinen
658 3207 704 3252 ᾧ.
722 3208 870 3252 &brist
888 3207 933 3245 21.
951 3208 995 3245 z.
1013 3206 1091 3246 ΙΙΙ.
1154 3220 1159 3224 ·
1634 3209 1676 3245 37
