2083 3462
137 117 213 156 822
483 116 572 157 Qua
595 114 653 153 ΙΙ.
676 115 777 164 ἕΒιιᾶ)
797 117 859 156 bet
880 113 1119 156 Ἥὶαεεαβᾶετ.
1152 114 1211 164 10,
1232 114 1350 156 1—3.
1380 115 1494 156 ἳῐηηι.
1516 115 1635 157 1—4.

136 243 386 288 tentabant.
448 244 514 286 16.
548 243 613 285 Hi
635 257 754 295 vero,
776 243 856 299 qui
880 246 1008 286 erant
1029 257 1133 286 cum
1155 242 1445 296 Machabaeo,
1477 258 1557 299 per
1577 244 1802 286 orationes
1825 243 1978 286 Domi-

137 317 252 345 num
290 306 497 357 rogantes
534 306 585 343 ut
621 306 731 344 esset
767 301 853 343 sibi
891 302 1085 356 adjutor,
1121 301 1344 356 impetum
1380 302 1581 344 fecerunt
1615 302 1662 343 in
1699 302 1978 345 munitiones

137 360 483 402 Idumaeorum:
548 360 614 402 17.
647 359 885 415 multaque
922 360 966 401 vi
1007 359 1273 411 insistenteS,
1315 359 1411 401 loca
1448 359 1797 411 obtinuerunt,¹⁴
1828 374 1978 402 occur·

137 423 284 460 rentes
306 418 647 469 interemerunt,
670 421 713 459 et
734 432 890 459 omnes
911 417 1050 459 simul
1073 432 1164 459 non
1188 417 1342 459 minus
1365 417 1531 472 viginti
1554 417 1761 459 millibus
1781 417 1979 460 trucida-

137 480 315 520 verunt.
378 477 442 518 18.
476 475 675 526 Quidam
711 474 917 526 autem‚¹⁵
957 489 1060 517 cum
1097 475 1404 530 confugissent
1436 475 1484 516 in
1519 475 1632 517 duas
1666 479 1810 518 turres
1844 475 1979 518 valde

137 534 352 583 munitas,
389 547 570 575 omnem
608 539 880 588 apparatum
918 532 976 575 ad
1012 533 1366 588 repugnandum
1404 533 1633 584 habentes,
1695 534 1761 576 19.
1798 533 1979 576 Macha-

137 592 276 634 baeus
303 591 360 633 ad
390 605 545 636 eorum
568 591 972 646 expugnationem,
1005 591 1159 633 relicto
1193 590 1390 640 Simone,
1424 596 1467 633 et
1499 590 1746 646 Josepho,¹⁶
1777 591 1979 647 itemque

138 648 398 691 Zachae01¹⁷
429 649 582 704 eisque
610 649 691 705 qui
729 664 832 692 cum
871 649 979 705 ipsis
1015 653 1145 691 erant
1179 648 1284 690 satis
1322 648 1493 701 multis,
1529 649 1622 704 ipse
1659 648 1716 691 ad
1753 663 1826 692 eas
1861 648 2003 705 quae

137 707 336 763 amplius
354 707 670 763 perurgebant,
688 721 865 762 pugnas
883 721 1125 749 conversus
1142 710 1216 749 est.
1261 707 1326 749 20.
1350 706 1414 748 Hi
1437 721 1554 758 vero,
1572 706 1652 762 qui
1670 721 1773 748 cum
1793 706 1979 750 Simone

135 770 277 817 erant,
311 765 559 820 cupiditate
594 765 733 815 ducti,
767 780 792 807 a
827 765 1118 820 quibusdam,
1152 764 1230 820 qui
1266 764 1314 806 in
1343 764 1545 806 turribus
1567 769 1708 815 erant,
1730 764 1850 807 suasi
1872 768 1980 807 sunt

135 823 348 880 pecunia:
381 827 424 865 et
445 823 734 878 septuaginta
752 822 958 864 millibus
976 821 1294 864 didraclnnis¹⁸
1325 823 1529 877 acceptis,
1552 822 1825 865 dimiserunt
1849 836 1979 879 quos-

135 881 242 923 dam
265 881 472 936 effugere.
526 881 591 923 21.
625 880 738 924 Cum
764 885 915 922 autem
940 880 1216 925 Machabaeo
1240 881 1507 922 nuntiatum
1530 884 1637 922 esset
1661 880 1782 936 quod
1806 881 1979 923 factum

135 944 212 991 est,
235 939 520 995 principibus
541 939 700 994 populi
722 939 1018 994 congregatis,
1040 938 1282 990 accusavit,
1316 938 1437 994 quod
1472 938 1666 994 pecunia
1694 939 1851 981 fratres
1873 952 1981 981 ven·

135 996 406 1049 didissent,³⁰
436 997 707 1039 adversariis
729 1011 886 1039 eorum
910 996 1120 1039 dimissis.
1183 997 1249 1050 22.
1284 996 1380 1038 Hos
1403 997 1544 1052 igitur
1565 996 1814 1052 proditores
1841 996 1980 1038 factos

135 1055 371 1106 interfecit,
394 1059 436 1097 et
458 1055 691 1097 confestim
716 1055 829 1097 duas
851 1060 996 1097 turres
1018 1055 1268 1110 occupavit.
1324 1055 1390 1096 23.
1424 1055 1578 1096 Armis
1594 1060 1748 1096 autem
1765 1068 1816 1096 ac
1833 1054 1981 1096 niani·

135 1112 220 1155 bus
241 1114 398 1155 omnia
423 1127 632 1169 prospere
654 1113 829 1168 agendo
863 1113 912 1154 in
947 1112 1124 1154 duabus
1158 1112 1495 1157 munitionibus
1529 1112 1771 1168 plusquam
1810 1111 1980 1168 viginti

135 1171 286 1213 millia
302 1172 505 1227 peremit.
557 1172 623 1213 24.
650 1171 712 1213 At
729 1170 1047 1222 Timotheus,²⁰
1069 1170 1147 1226 qui
1168 1171 1293 1226 prius
1316 1185 1342 1212 a
1363 1170 1550 1212 Judaeis
1567 1171 1713 1212 fuerat
1730 1175 1981 1225 superatus,

135 1234 379 1273 convocato
413 1229 613 1271 exercitu
647 1229 910 1285 peregrinae
944 1228 1268 1279 multitudinis,
1297 1233 1339 1270 et
1361 1233 1631 1282 congregato
1652 1228 1859 1283 equitatu
1883 1227 1981 1270 Asi-

135 1301 236 1339 anO,
271 1287 457 1329 advenit
491 1287 621 1343 quasi
644 1288 783 1329 armis
805 1287 1027 1329 Judaeam
1052 1291 1277 1342 capturus.
1339 1287 1404 1328 25.
1438 1285 1741 1328 Machabaeus
1762 1290 1915 1328 autem
1937 1288 1982 1328 et

135 1345 215 1401 qui
239 1359 340 1387 cum
367 1345 461 1401 ipso
485 1350 625 1395 erant,
647 1345 1045 1401 appropinquante
1063 1344 1156 1395 illo,
1178 1344 1539 1400 deprecabantur
1562 1344 1827 1395 Dominum,
1845 1347 1982 1399 caput

134 1407 254 1446 terra
275 1408 572 1459 aspergentes,
594 1403 866 1459 lumbosque
888 1403 1048 1444 ciliciis
1070 1402 1329 1458 praecincti,
1374 1403 1439 1444 26.
1471 1402 1527 1443 ad
1547 1401 1682 1444 alaris
1699 1401 1981 1457 crepidinem

135 1461 380 1518 provoluti,
401 1466 452 1503 ut
473 1461 558 1503 sibi
575 1461 810 1517 propitius,
833 1461 1032 1504 inimicis
1048 1465 1197 1504 autem
1215 1474 1371 1502 eorum
1390 1465 1501 1502 esset
1518 1459 1747 1510 inimicus,
1765 1465 1805 1502 et
1823 1459 1981 1501 adver-

135 1519 266 1562 sariis
288 1519 615 1572 adversaretur,
648 1519 765 1561 sicut
798 1519 870 1560 lex
894 1518 1051 1560 dicit.²¹
1114 1519 1180 1561 27.
1214 1518 1271 1560 Et
1294 1518 1357 1560 ita
1379 1523 1478 1573 post
1499 1518 1766 1568 orationem,
1787 1517 1982 1573 sumptis

135 1577 288 1627 armis,
321 1577 502 1632 longius
536 1577 591 1619 de
624 1577 808 1619 civitate
840 1577 1142 1632 procedentes,
1175 1581 1217 1618 et
1251 1576 1449 1631 proximi
1476 1575 1681 1617 hostibus
1704 1575 1848 1618 effecti
1871 1589 1982 1618 rese·

135 1635 312 1677 derunt.
323 1635 351 1656 ²2
412 1636 477 1678 28.
511 1635 664 1678 Primo
687 1640 838 1679 autem
862 1634 968 1676 solis
989 1639 1089 1676 ortu
1113 1634 1295 1689 utrique
1317 1634 1661 1675 commiserunt:
1695 1633 1768 1675 isti
1792 1633 1980 1689 quidem

136 1693 362 1744 victoriae,
385 1698 427 1736 et
449 1693 756 1749 prosperitatis
778 1707 1037 1749 sponsorem
1062 1706 1166 1736 cum
1189 1692 1356 1733 virtute
1380 1691 1631 1733 Dominum
1650 1691 1886 1733 habentes:
1910 1690 1980 1732 illi

136 1756 289 1794 autem
327 1751 489 1794 ducem
523 1750 631 1793 belli
666 1751 876 1793 animum
911 1750 1152 1795 habebant,
1215 1750 1280 1791 29.
1312 1749 1395 1792 Sed
1421 1764 1524 1791 cum
1549 1749 1792 1791 vehemens
1825 1762 1982 1804 pugna

135 1813 259 1861 esset,
292 1813 603 1865 apparuerunt
638 1808 909 1851 adversariis
942 1808 997 1850 de
1030 1807 1151 1850 caelo
1186 1808 1273 1850 viri
1308 1806 1553 1863 quinque²³
1586 1807 1632 1848 in
1667 1807 1808 1862 equis,
1843 1806 1982 1849 frenis

136 1868 285 1910 aureis
307 1867 468 1918 decori,
490 1867 706 1909 ducatum
731 1867 917 1909 Judaeis
941 1865 1275 1922 praestantes:24
1335 1866 1403 1907 30.
1435 1880 1490 1907 ex
1508 1864 1675 1921 quibus
1693 1865 1782 1906 duo
1801 1863 1982 1907 Macha-

135 1925 301 1967 baeum
325 1925 529 1967 medium
553 1925 782 1976 habentes,
804 1924 943 1967 armis
964 1924 1057 1967 suis
1079 1924 1428 1979 circumseptum
1448 1923 1727 1965 incolumem
1750 1936 1983 1965 conserva-

136 1982 266 2026 bant:
299 1984 348 2025 in
371 1983 650 2026 adversarios
671 1987 822 2025 autem
846 1982 948 2034 tela,
976 1987 1019 2024 et
1040 1982 1236 2024 fulmina
1253 1981 1495 2037 jaciebant,
1517 1995 1572 2023 ex
1595 1995 1685 2036 quo
1707 1985 1750 2023 et
1770 1981 1983 2023 caecitate

137 2041 325 2093 confusi,
361 2046 404 2083 et
440 2041 596 2097 repleti
635 2041 972 2097 perturbatione
1009 2040 1242 2085 cadebant.
1305 2040 1371 2081 31.
1419 2039 1648 2081 Interfecti
1685 2042 1793 2080 sunt
1827 2043 1981 2081 autem

137 2099 302 2153 viginti
341 2099 488 2141 millia
521 2099 778 2155 quingenti,
812 2103 854 2141 et
887 2098 1060 2154 equites
1093 2097 1304 2140 sexcenti.
1365 2098 1432 2139 32.
1465 2097 1732 2139 Timotheus
1754 2110 1859 2138 vero
1881 2110 1984 2138 con·

136 2157 254 2212 fugit
304 2158 353 2199 in
405 2156 665 2199 Gazaram²⁵
714 2156 992 2213 praesidium
1045 2156 1293 2205 munitum,
1335 2155 1407 2197 cui
1457 2159 1661 2211 praeerat
1711 2152 1984 2196 Chaereas.²⁵

136 2215 204 2257 33.
237 2215 541 2257 Machabaeus
574 2219 740 2267 autem,
773 2219 816 2256 et
849 2214 928 2270 qui
963 2228 1066 2256 cum
1097 2228 1147 2256 eo
1169 2218 1310 2264 erant,
1328 2213 1545 2255 laetantes
1566 2212 1837 2255 obsederunt
1858 2225 1982 2268 prae·

137 2273 306 2315 sidium
330 2273 489 2315 diebus
512 2278 718 2329 quatuor.
780 2273 847 2314 34.
880 2273 941 2313 At
962 2271 1024 2323 hi,
1054 2272 1133 2327 qui
1157 2272 1281 2313 intus
1303 2276 1443 2322 erant,
1466 2270 1549 2312 loci
1575 2270 1789 2312 firmitate
1810 2269 1982 2321 confisi,

136 2345 274 2387 supra
307 2331 495 2373 modum
531 2329 875 2382 maledicebant,
908 2335 951 2372 et
983 2344 1210 2372 sermones
1244 2329 1462 2371 nefandos
1489 2328 1735 2384 jactabant.
1797 2327 1863 2370 35.
1894 2327 1982 2370 Sed

137 2403 240 2431 cum
265 2389 359 2431 dies
381 2389 544 2444 quinta
566 2389 854 2439 illucesceret,
888 2387 1053 2443 viginti
1070 2388 1261 2442 juvenes
1283 2402 1337 2430 ex
1361 2386 1444 2438 his,
1467 2386 1547 2442 qui
1570 2401 1674 2428 cum
1706 2385 1982 2428 Machabaeo

137 2451 279 2499 erant,
320 2447 489 2489 accensi
535 2446 702 2489 animis
744 2450 924 2502 propter
965 2445 1312 2501 blasphemiam,
1360 2444 1555 2488 viriliter
1606 2447 1888 2486 accesserunt
1922 2441 1981 2485 ad

138 2518 338 2557 murum,
361 2509 404 2547 et
426 2505 558 2547 feroci
575 2504 730 2548 animo
745 2504 1003 2547 incedentes
1025 2503 1348 2546 ascendebant:
1409 2503 1475 2544 36.
1508 2502 1583 2544 sed
1606 2506 1649 2544 et
1669 2501 1748 2544 alii
1771 2500 1983 2543 similiter

137 2562 440 2614 ascendentes,
462 2567 618 2614 turres,
642 2566 881 2617 portasque
895 2561 1164 2603 succendere
1186 2561 1382 2616 aggressi
1405 2565 1524 2610 sunt,
1546 2566 1683 2615 atque
1704 2559 1823 2615 ipsos
1845 2557 1982 2601 male-

138 2620 298 2662 dicos²⁷
330 2621 457 2662 vivos
485 2634 782 2662 concremare.
825 2620 892 2662 37.
931 2619 1015 2661 Per
1043 2619 1312 2661 continuum
1341 2623 1493 2660 autem
1527 2617 1722 2660 biduum
1756 2615 1981 2672 praesidio

138 2677 364 2729 vastatos&
385 2678 677 2720 Timotheum
701 2676 1004 2720 occultantem
1034 2691 1077 2719 se
1097 2677 1142 2718 in
1162 2676 1363 2732 quodam
1381 2680 1609 2731 repertum
1626 2673 1761 2717 loco²⁹
1785 2687 1982 2730 pereme-

138 2741 266 2778 runt:
285 2741 325 2778 et
344 2736 525 2778 fratrem
544 2735 669 2779 illius
684 2735 945 2785 Chaeream,
960 2740 1004 2776 et
1020 2734 1387 2790 Apollophanem
1407 2733 1682 2775 occiderunt.
1719 2733 1786 2774 38.
1801 2731 1980 2783 Quibus

137 2794 285 2850 gestis,
308 2794 353 2836 in
379 2793 566 2849 hymnis
599 2798 641 2835 et
674 2792 1028 2835 confessionibus
1051 2792 1379 2836 benedicebant
1408 2791 1674 2843 Dominum,
1703 2789 1783 2846 qui
1812 2803 1983 2844 magna

138 2852 242 2894 fecit
263 2852 312 2894 in
336 2851 488 2904 Israel,
511 2856 553 2893 et
577 2851 813 2893 victoriam
833 2850 958 2893 dedit
980 2849 1083 2894 illis.

186 2966 229 3010 l)
258 2966 311 3009 31¹
332 2970 384 3007 10,
405 2970 468 3003 1-9
489 2966 510 3004 s.
530 2964 559 3002 Ι.
581 2967 614 3008 4,
637 2967 759 3001 36-61.
781 2985 826 2989 —
844 2965 967 3007 {311th
986 2966 1040 3000 ber
1059 2964 1268 3000 mactarunt
1287 2965 1354 3000 unb
1374 2964 1424 3000 bie
1440 2964 1611 3008 &cinisum
1630 2963 1778 3000 nahmen
1797 2965 1895 2998 unter
1909 2960 1982 2997 ains

139 3013 270 3057 teitung
289 3019 344 3048 bez
364 3013 487 3055 -ljocrrn,
505 3018 561 3045 rai:
578 3015 684 3054 κυρίου
702 3013 912 3053 προάγοντος,
933 3012 1072 3050 §Senmet
1091 3017 1159 3046 uub
1180 3011 1292 3047 &tabt
1311 3011 1430 3047 mittet
1449 3011 1500 3046 ein
1516 3011 1563 3045 im
1578 3010 1760 3051 &member
1774 3011 1831 3044 bea
1844 3008 1887 3050 3.
1904 3009 1981 3049 164,
2040 3019 2042 3022 ·
2072 2998 2077 3025 ³·

140 3060 212 3099 ulfo
244 3059 320 3099 nodi
353 3069 370 3094 υ
383 3069 424 3095 or
444 3066 514 3094 nem
534 3059 626 3094 Qube
644 3061 701 3093 bez
720 3057 922 3100 &Intiocbuzz
954 3058 1086 3099 member
1105 3058 1163 3100 erst
1181 3057 1226 3092 im
1247 3056 1348 3101 arim
1367 3062 1424 3093 bes
1443 3057 1488 3098 ἲς.
1509 3060 1573 3092 163
1593 3056 1746 3100 erfolgte.
1763 3075 1809 3080 —-
1826 3054 1872 3097 2)
1899 3055 1981 3087 κατὰ

140 3109 198 3146 τὴν
215 3106 345 3148 ἀγοράν.
367 3126 411 3130 -
430 3105 476 3148 3)
504 3107 660 3138 καθεῖλον
678 3104 739 3146 „fle
759 3104 855 3147 rifstn
874 3104 1020 3139 nieberst
1039 3124 1084 3129 —
1102 3103 1147 3147 4)
1176 3106 1379 3145 πυρώσαντες
1398 3105 1524 3143 λίθους,
1545 3107 1620 3138 ῒυαῧ
1640 3101 1718 3139 uad)
1738 3100 1862 3144 ’Ξιῇῠῖἆ
1880 3109 1916 3136 u.
1935 3098 1979 3136 Ἡ.

141 3152 247 3194 betfit:
290 3152 381 3193 „eie
415 3151 562 3196 fditugen
598 3151 703 3193 {tener
737 3156 804 3186 «111ss
835 3152 896 3185 ben
928 3150 1114 3186 &teincnf‘
1163 3148 1346 3191 ffssbrtlicb:
1386 3149 1477 3191 „ffie
1507 3148 1655 3190 matinen
1675 3147 1800 3184 &eine
1818 3145 1980 3191 gliibenl‘

141 3197 214 3235 zer
243 3198 435 3235 &ortonae
454 3197 545 3242 fagtz
578 3197 662 3241 ,ῥεῖα
681 3197 719 3241 ste
737 3196 822 3241 ᾠοῖς,
841 3196 1140 3241 sufummengssegt
1157 3196 1284 3239 butten,
1312 3195 1438 3239 fanben
1457 3195 1495 3238 ste
1514 3195 1583 3231 rein
1603 3194 1649 3239 121.
1668 3194 1792 3237 {tenen
1819 3192 1922 3229 αῑῐείη
1941 3191 1982 3237 ste
