2083 3462
1878 115 1952 154 531

766 241 936 310 Caput
984 242 1155 293 XLV.

172 375 209 418 1.
251 373 458 429 Cumque
499 372 731 428 coeperitis
772 376 936 415 terram
980 373 1204 417 dividere¹
1248 374 1416 425 sortite,
1458 378 1659 431 separate
1699 375 1954 432 primitias³

116 432 325 484 Domino,
361 431 692 473 sanctificatum
716 430 771 473 de
792 434 923 480 terra,
957 431 1245 487 longitudine
1279 433 1443 488 viginti
1467 434 1673 491 quinque
1695 432 1879 485 millia,3
1910 440 1954 476 et

115 489 360 534 latitudine
396 489 550 531 decem
588 487 754 531 millia:
787 489 1118 531 sanctificatum
1153 491 1236 532 erit
1269 491 1317 532 in
1352 491 1477 533 omni
1513 492 1708 535 termino
1742 492 1836 546 ejus
1874 506 1954 548 per

113 548 367 592 circuitum.
430 548 466 589 2.
514 546 572 588 Et
612 546 696 588 erit
731 560 787 589 ex
828 547 954 588 omni
997 553 1122 602 parte
1163 549 1518 592 sanctificatum*
1565 550 1837 605 quingentos
1874 564 1954 606 per

113 606 398 662 quingentos,
439 604 769 660 quadrifariam
810 618 889 660 per
929 604 1190 647 circuitum:
1233 611 1274 648 et
1315 607 1655 662 quinquaginta
1696 607 1861 650 cubitis
1903 608 1952 650 in

112 662 376 707 suburbana
409 663 502 717 ejus
535 676 614 718 per
645 676 824 717 gyrum.
886 662 924 704 3.
958 662 1015 705 Et
1037 676 1062 705 a
1085 677 1297 707 mensura
1332 665 1416 706 ista
1438 665 1722 707 mensurabis
1756 664 1952 721 longitu-

113 721 268 764 dinem
303 720 469 776 viginti
505 720 710 776 quinque
744 719 960 771 millium,
997 725 1039 762 et
1073 719 1364 765 latitudinem
1402 722 1553 764 decem
1586 722 1802 773 millium,
1837 729 1879 766 et
1902 724 1951 766 in

112 779 208 836 ipso
230 778 315 822 erit
335 777 598 833 templum‚⁵
626 782 927 833 sanctumque
948 783 1223 821 sanctorum.
1283 782 1322 822 4.
1354 779 1721 822 Sanctificatum⁵
1751 780 1805 823 de
1835 787 1953 824 terra

112 837 195 880 erit
236 836 541 878 sacerdotibus
582 835 804 878 ministris
852 836 1113 888 sanctuarii,
1153 836 1233 892 qui
1275 837 1496 880 accedunt
1537 838 1593 880 ad
1645 838 1952 881 ministerium

114 893 321 938 Domini:
365 900 407 936 et
448 894 533 936 erit
573 894 635 936 eis
675 893 798 935 locus
839 893 886 934 in
930 893 1100 945 domos,
1141 900 1183 936 et
1223 894 1272 936 in
1313 896 1624 938 sanctuarium
1667 896 1954 939 sanctitatis.⁶

113 953 151 996 5.
174 951 377 1008 Viginti⁷
399 952 605 1007 quinque
618 955 768 993 autem
788 951 935 995 millia
950 951 1266 1007 longitudinis,
1283 958 1326 994 et
1341 953 1494 995 decem
1509 953 1655 997 millia
1672 953 1955 997 latitudinisss

113 1015 247 1054 erunt
280 1009 470 1061 Levitis;
503 1009 582 1067 qui
617 1009 881 1052 ministrant
904 1008 1082 1052 domui:
1115 1009 1200 1065 ipsi
1224 1010 1518 1065 possidebunt
1542 1011 1705 1065 viginti
1729 1012 1953 1068 gazophy-

113 1065 264 1111 lacia.⁹
323 1068 360 1110 6.
394 1067 452 1111 Et
484 1067 806 1123 possessionem
840 1067 1038 1111 civitatis
1060 1067 1225 1110 dabitis
1247 1068 1454 1125 quinque
1477 1069 1622 1112 millia
1646 1069 1915 1122 latitudinis,
1928 1069 1954 1092 ¹⁰

113 1130 156 1169 et
169 1125 472 1181 longitudinis
487 1125 653 1181 viginti
669 1124 876 1180 quinque
891 1124 1039 1167 millia
1052 1125 1304 1168 secundum
1319 1127 1647 1181 separationem
1664 1127 1953 1180 sanctuarii‚¹¹

113 1183 240 1226 omni
273 1183 431 1226 domui
466 1183 616 1226 Israel.
678 1184 716 1228 7.
748 1183 951 1239 Principi
987 1197 1170 1239 quoque
1203 1183 1313 1226 hinc
1347 1189 1390 1226 et
1423 1184 1530 1226 inde
1551 1184 1600 1226 in
1622 1186 1954 1240 separationem

112 1240 411 1292 sanctuarii,¹²
442 1246 483 1283 et-
505 1241 554 1283 in
583 1241 904 1297 possessionem
936 1241 1146 1293 civitatis,
1180 1246 1335 1284 contra
1357 1242 1517 1284 faciem
1539 1243 1834 1298 separationis
1855 1257 1954 1286 san-

112 1299 289 1350 ctuarii,
325 1303 368 1342 et
408 1304 564 1341 contra
596 1299 756 1341 faciem
792 1299 1081 1355 possessionis
1113 1299 1257 1342 urbis:
1305 1314 1331 1343 a
1366 1299 1505 1343 latere
1541 1300 1680 1344 Maris
1717 1315 1860 1357 usque
1895 1301 1952 1345 ad

113 1355 291 1410 Mare‚¹³
322 1361 364 1399 et
385 1372 409 1400 a
444 1356 583 1400 latere
620 1356 818 1400 Orientis
851 1371 995 1413 usque
1027 1357 1085 1402 ad
1121 1357 1414 1401 Orientem2¹⁴
1445 1357 1768 1413 Longitudinis
1800 1364 1953 1403 autem

107 1415 243 1472 juxta
264 1429 642 1472 unamquamque
664 1419 837 1471 partem
851 1414 878 1435 ¹⁵
908 1429 933 1457 a
950 1415 1146 1457 termino
1169 1415 1446 1458 Occidentali
1468 1430 1611 1472 usque
1628 1416 1684 1460 ad
1702 1417 1953 1460 terminum

115 1472 407 1516 Orientalem.
469 1475 506 1515 8.
540 1473 606 1515 De
640 1477 759 1516 terra
792 1473 876 1518 erit
909 1473 948 1515 ei
984 1473 1198 1529 possessio
1230 1473 1279 1517 in
1303 1472 1502 1517 Israel:¹6
1532 1479 1574 1516 et
1596 1488 1687 1517 non
1711 1474 1954 1530 depopula-

113 1529 326 1574 buntur¹⁷
368 1530 489 1573 ultra
529 1530 755 1586 principes
790 1530 1012 1586 populum
1051 1545 1226 1573 meum:
1259 1531 1334 1574 sed
1372 1536 1538 1574 terram
1577 1531 1753 1575 dabunt
1795 1532 1953 1576 domui

115 1588 293 1632 Israel¹⁸
322 1588 574 1631 secundum
596 1588 741 1631 tribus
763 1603 933 1631 eorum.
993 1590 1031 1631 9.
1064 1589 1190 1632 Haec
1208 1589 1319 1631 dicit
1337 1589 1562 1632 Dominus
1581 1590 1720 1633 Deus:
1752 1590 1955 1634 Sufficiat

113 1646 243 1691 vobis
266 1646 492 1703 principes
513 1646 672 1691 Israel:
704 1646 996 1704 iniquitatem
1021 1651 1063 1691 et
1084 1647 1268 1703 rapinas
1289 1647 1590 1699 intermittite,
1613 1652 1654 1690 et
1665 1648 1892 1702 judicium
1911 1655 1954 1692 et

109 1704 337 1762 justitiam
370 1705 514 1756 facite,
547 1708 749 1760 separate
782 1705 979 1747 confinia
1013 1704 1199 1747 vestra¹⁹
1229 1720 1254 1748 a
1288 1705 1457 1761 populo
1491 1720 1603 1757 meo,
1637 1706 1701 1750 ait
1730 1706 1955 1748 Dominus

116 1763 250 1806 Deus.
312 1763 378 1806 10.
421 1762 596 1805 Statera
625 1764 759 1818 justa,
801 1767 842 1804 et
879 1762 984 1819 ephi
1017 1763 1207 1818 justum,
1241 1768 1284 1806 et
1319 1763 1451 1806 batus
1481 1764 1630 1819 justus
1665 1764 1750 1806 erit
1778 1763 1956 1806 vobis.²⁰

117 1822 184 1863 11.
215 1820 351 1877 Ephi‚
384 1826 427 1863 et
458 1820 590 1863 batus
624 1819 883 1878 aequalia‚2¹
916 1825 958 1863 et
991 1821 1129 1863 unius
1152 1835 1389 1863 mensurae
1411 1826 1563 1864 erunt:
1596 1826 1646 1864 ut
1669 1822 1817 1877 capiat
1838 1821 1954 1864 deci·

116 1891 240 1921 mam
259 1883 431 1934 partem
452 1879 542 1921 cori
552 1877 582 1900 ῃ
610 1877 755 1930 batus,
778 1883 818 1921 et
837 1878 1059 1922 decimam
1081 1884 1254 1934 partem
1272 1880 1362 1922 cori
1380 1879 1505 1935 ephi:
1533 1880 1668 1935 juxta
1691 1894 1953 1924 mensuram

115 1936 205 1980 cori
229 1937 314 1979 erit
335 1951 480 1992 aequa
501 1936 684 1978 libratio
706 1936 914 1979 eorum.²3
973 1937 1038 1978 12.
1070 1936 1216 1979 Siclus
1237 1942 1389 1980 autem
1408 1937 1574 1993 viginti
1593 1937 1745 1980 obolos
1766 1937 1956 1980 habet.²⁴

115 1994 255 2037 Porro
288 1995 455 2050 viginti
478 1994 589 2046 sicli,
623 1999 665 2037 et
686 1994 852 2050 viginti
883 1995 1089 2050 quinque
1110 1994 1260 2046 sicli‚²⁵
1289 2000 1331 2037 et
1353 1995 1617 2051 quindecim
1651 1995 1762 2047 sicli,
1796 2010 1953 2038 mnam

113 2052 301 2095 faciunt.
362 2053 428 2094 13.
461 2052 517 2094 Et
541 2052 625 2095 hae
658 2061 765 2095 sunt
786 2052 1066 2108 priniitiae‚²⁶
1096 2067 1209 2108 quas
1230 2053 1415 2097 tolletis:
1446 2058 1621 2096 sextam
1643 2059 1816 2109 partem
1847 2054 1954 2110 ephi

115 2109 170 2153 de
191 2124 292 2153 coro
313 2110 546 2161 frumenti,
580 2114 622 2152 et
642 2115 816 2153 sextam
847 2115 1020 2166 partem
1043 2110 1149 2167 ephi
1173 2111 1228 2154 de
1249 2125 1350 2153 coro
1372 2111 1582 2153 hordei.²⁷
1643 2112 1708 2155 14.
1740 2112 1953 2154 Mensura

114 2181 297 2224 quoque
330 2167 468 2219 0161,28
506 2168 638 2211 batus
670 2167 769 2219 olei,
803 2168 980 2211 decima
1012 2183 1116 2224 pars
1150 2169 1241 2211 cori
1275 2174 1357 2212 est:
1404 2174 1447 2211 et
1480 2169 1632 2212 decem
1667 2169 1760 2212 bati
1797 2184 1953 2212 corum

113 2225 306 2269 faciunt:
357 2226 467 2282 quia
503 2225 656 2268 decem
698 2225 792 2268 bati
829 2226 1023 2282 implent
1060 2241 1228 2269 corum.
1290 2227 1356 2271 15.
1389 2227 1446 2270 Et
1487 2228 1672 2269 arietem
1716 2242 1861 2270 unum
1899 2227 1954 2269 (16

113 2298 247 2340 grege
288 2282 628 2326 ducentorum²⁹
669 2283 724 2326 de
764 2283 848 2336 his,
890 2298 1006 2340 quae
1046 2285 1260 2329 nutriunt
1310 2284 1488 2327 Israel3⁰
1537 2285 1585 2328 in
1631 2284 1954 2336 sacrificium,³¹

114 2346 157 2384 et
208 2342 257 2384 in
314 2341 643 2390 holocaustum,
695 2346 737 2384 et
789 2342 837 2385 in
879 2342 1080 2398 pacifica,
1132 2342 1189 2385 ad
1241 2343 1524 2398 expiandum
1582 2357 1660 2399 pro
1716 2342 1830 2394 eis‚³2
1890 2344 1954 2386 ait

115 2398 341 2442 Dominus
398 2399 529 2442 Deus.
591 2400 658 2442 16.
713 2399 876 2442 Omnis
921 2400 1117 2456 populus
1164 2405 1308 2443 terrae
1355 2401 1584 2443 tenebitur
1624 2401 1839 2457 primitiis
1879 2401 1952 2444 his

112 2457 310 2514 principi
365 2457 414 2499 in
471 2457 622 2500 Israel.
699 2459 764 2501 17.
816 2458 874 2501 Et
929 2472 1063 2514 super
1116 2459 1371 2514 principem
1425 2463 1558 2502 erunt
1598 2458 1871 2509 holocausta,
1912 2464 1954 2501 et

113 2515 400 2566 sacrificium,
435 2519 477 2558 et
516 2514 741 2557 libamina
781 2514 827 2557 in
871 2515 1248 2568 solemnitatibus,
1277 2521 1319 2558 et
1354 2516 1403 2560 in
1441 2516 1665 2568 Calendis,
1702 2521 1744 2559 et
1776 2517 1824 2558 in
1846 2516 1955 2559 Sab-

112 2571 242 2625 batis,
283 2578 325 2615 et
366 2573 413 2615 in
469 2573 694 2615 universis
741 2573 1106 2616 solemnitatibus
1151 2574 1312 2617 domus
1358 2574 1514 2617 Israel:
1567 2575 1662 2630 ipse
1706 2574 1837 2618 faciet
1873 2589 1954 2630 pro

112 2634 292 2687 peccato
337 2631 623 2678 sacrificium,
668 2635 711 2673 et
754 2630 1085 2683 holocaustum,
1133 2636 1175 2674 et
1220 2631 1408 2687 pacifica
1448 2632 1505 2674 ad
1548 2632 1830 2688 expiandum
1872 2646 1953 2688 pro

113 2687 248 2731 domo
283 2688 435 2731 Israel.
497 2689 562 2730 18.
607 2688 733 2730 Haec
773 2688 884 2731 dicit
926 2689 1151 2732 Dominus
1190 2689 1329 2732 Deus:
1374 2690 1428 2731 In
1467 2690 1616 2746 primo
1652 2704 1818 2741 mense,
1858 2704 1953 2732 una

112 2746 279 2789 niensis
311 2760 460 2788 sumes
481 2745 721 2789 vitulu1n³³
751 2746 806 2788 de
839 2752 1044 2789 armento
1077 2747 1442 2799 immaculatum,
1476 2752 1519 2790 et
1540 2747 1745 2803 expiabis
1771 2753 1952 2789 sanctu-

112 2803 274 2847 arium.
337 2804 401 2847 19.
435 2804 492 2845 Et
508 2803 635 2846 tollet
651 2804 854 2846 sacerdos
871 2804 925 2846 de
942 2805 1166 2860 sanguine
1183 2805 1305 2861 quod
1323 2805 1408 2849 erit
1424 2820 1505 2861 pro
1522 2810 1720 2860 peccato:
1753 2810 1795 2847 et
1812 2808 1953 2861 ponet

111 2860 162 2903 in
183 2861 386 2917 postibus
407 2861 581 2913 domus,
603 2866 646 2903 et
666 2861 714 2903 in
738 2866 934 2917 quatuor
954 2862 1136 2917 angulis
1158 2863 1404 2918 crepidinis
1425 2863 1593 2914 altaris,
1615 2867 1658 2905 et
1679 2863 1727 2904 in
1750 2862 1952 2918 postibus

112 2923 266 2974 portae
287 2919 391 2962 atrii
414 2919 652 2961 interioris.
714 2920 780 2962 20.
813 2919 871 2961 Et
892 2920 954 2962 sic
976 2920 1109 2962 facies
1132 2920 1178 2962 in
1203 2921 1394 2976 septima
1417 2920 1622 2963 inensis³⁴
1653 2934 1732 2976 pro
1750 2933 1952 2975 unoquo-

114 2989 215 3032 que,
247 2977 327 3033 qui
350 2976 591 3032 ignoravit,
618 2980 660 3019 et
682 2991 829 3019 errore
850 2977 1061 3033 deceptus
1083 2982 1160 3029 est,
1195 2983 1236 3020 et
1259 2977 1464 3033 expiabis
1486 2992 1566 3034 pro
1589 2978 1735 3029 domo,
1797 2978 1862 3019 21.
1894 2977 1950 3018 In

113 3033 262 3089 primo
291 3048 457 3086 mense,
490 3038 654 3090 quarta
686 3034 863 3077 decima
897 3035 969 3077 die
1002 3036 1170 3077 mensis
1191 3035 1276 3078 erit
1297 3035 1424 3078 vobis
1447 3035 1645 3078 Paschae
1666 3035 1952 3077 solemnitas:

112 3095 279 3148 septem
303 3091 462 3135 diebus
483 3105 642 3146 azyma
665 3092 972 3135 comedentur,
1032 3093 1099 3134 22.
1132 3093 1188 3135 Et
1210 3092 1340 3136 faciet
1372 3093 1581 3150 princeps
1602 3093 1652 3135 in
1674 3092 1746 3135 die
1768 3092 1850 3135 illa
1869 3105 1952 3148 pro

479 3161 502 3200 2
515 3171 529 3199 e
541 3161 571 3205 d)
583 3171 630 3199 ne
642 3172 675 3200 t:
703 3161 749 3206 ᾧ.
767 3161 915 3207 &sitiit
933 3162 978 3201 21.
995 3163 1042 3201 ἶ,
1058 3161 1137 3201 ΙΠ.
1679 3164 1722 3200 34
