2083 3462
126 98 200 138 548

127 226 303 278 Daniel,
337 229 379 270 et
411 225 518 269 socii
553 226 660 282 ejus,
692 229 744 269 ut
769 225 981 282 perirent.
1043 225 1110 268 14.
1141 225 1272 268 Τ11110
1294 225 1458 270 Daniel
1481 226 1720 284 requisivit
1743 227 1799 270 de
1817 226 1969 284 lege‚¹⁶

125 291 261 340 atque
293 284 517 327 sententia
537 284 594 327 ab
617 283 787 326 Arioch
809 284 1015 339 principe
1036 283 1232 326 militiae
1253 285 1382 340 regis,
1415 284 1495 341 qui
1518 300 1720 341 egressus
1738 286 1887 328 fuerat
1906 285 1965 329 ad

125 342 460 385 interficiendos
492 342 714 397 sapientes
738 341 1000 397 Babylonis.
1062 343 1128 384 15.
1161 342 1219 384 Et
1241 342 1539 398 interrogavit
1560 358 1678 396 eum,
1713 343 1793 399 qui
1815 358 1842 387 a
1863 358 1967 400 rege

126 405 390 456 potestatem
424 404 667 455 acceperat,
700 413 840 455 quam
875 399 930 442 ob
964 413 1147 442 causam
1183 404 1277 442 tam
1298 401 1495 443 crudelis
1515 400 1778 444 sententia¹⁷
1807 416 1835 444 a
1855 401 1969 445 facie

125 458 241 513 regis
257 463 368 500 esset
384 472 569 513 egressa.
630 457 744 499 Cum
764 471 869 512 ergo
886 471 981 499 rem
1001 457 1242 500 indicasset
1257 458 1427 501 Arioch
1446 458 1642 510 Danieli,
1704 460 1769 501 16.
1803 458 1968 503 Daniel

125 516 352 571 ingressus
386 515 562 570 rogavit
591 529 741 570 regem
765 520 816 557 ut
836 520 1015 570 tempus
1037 515 1165 557 daret
1186 515 1271 558 sibi
1293 516 1351 558 ad
1373 516 1645 560 solutionem
1671 517 1969 560 indicandam

125 573 232 628 regi.
294 574 359 616 17.
393 573 451 614 Et
486 573 713 628 ingressus
749 571 850 615 est¹S
880 573 1070 615 domum
1107 587 1251 625 suam,
1286 574 1588 631 Anauiaeque
1624 581 1666 617 et
1703 575 1894 627 Μ133611,
1927 579 1973 618 et

125 631 314 673 Azariae
330 631 460 673 sociis
476 632 570 673 suis
587 631 811 673 indicavit
826 631 1082 686 negotium:
1128 633 1193 674 18.
1220 636 1271 674 ut
1287 638 1556 688 quaererent
1574 633 1930 675 misericordiam
1944 631 1972 656 ¹⁹

125 703 151 731 a
184 689 295 731 facie
330 688 410 730 Dei
447 688 558 731 caeli
592 703 726 744 super
748 694 1029 731 sacramento
1053 689 1149 742 isto,
1182 693 1226 731 et
1247 704 1338 732 non
1362 691 1562 746 perirent
1584 689 1762 742 Daniel,
1796 696 1840 733 et
1860 690 1971 734 socii

125 747 218 802 ejus
240 760 343 788 cum
367 747 523 789 ceteris
543 746 826 802 sapientibus
849 746 1108 802 Babylonis.
1171 748 1236 789 19.
1258 747 1389 790 Tunc
1407 748 1587 790 Danieli
1607 748 1874 804 mysterium
1893 762 1973 805 per

124 803 386 846 ν131011611120
436 809 565 847 110016
615 804 866 847 revelatum
917 810 998 847 est:
1051 809 1094 847 et
1133 804 1371 848 benedixit
1411 806 1574 849 Daniel
1618 807 1764 849 Deum
1809 806 1972 858 caeli‚²¹

125 862 192 904 20.
223 867 266 905 et
298 861 475 904 locutus
514 863 597 905 ait:
641 863 709 905 Sit
746 877 912 905 nomen
951 863 1138 905 Domini
1177 862 1467 906 benedictum
1503 878 1530 906 a
1565 864 1742 906 saeculo
1763 869 1808 906 et
1829 878 1973 920 usque

125 920 173 962 in
195 920 448 962 saeculum:
481 921 591 976 quia
623 921 845 976 sapientia
880 926 923 964 et
956 920 1174 963 fortitudo
1210 921 1305 976 ejus
1337 926 1455 964 sunt.
1518 922 1584 964 21.
1618 923 1674 965 Et
1708 922 1802 978 ipse
1824 927 1974 965 mutat

124 984 341 1034 tempora,
375 983 417 1020 et
448 984 633 1021 aetates:
666 979 879 1021 transfert
911 978 1103 1034 regna‚²²
1132 984 1269 1034 atque
1303 980 1556 1022 constituit:
1589 980 1666 1022 dat
1698 981 1973 1036 sapientiam

124 1036 418 1092 sapientibus,
451 1042 493 1079 et
522 1037 758 1079 scientiam
782 1036 1147 1092 intelligentibus
1168 1036 1522 1093 disciplinam:²3
1581 1039 1647 1080 22.
1682 1038 1782 1094 Ipse
1803 1037 1974 1082 revelat

123 1094 364 1150 profunda,
386 1099 428 1137 et
450 1094 726 1147 abscondita,
748 1100 791 1137 et
813 1095 940 1137 novit
964 1095 1012 1137 in
1034 1094 1232 1138 tenebris
1253 1096 1515 1138 constituta:
1547 1101 1590 1138 et
1607 1095 1689 1138 lux
1706 1110 1811 1139 cum
1829 1110 1880 1139 eo
1895 1100 1973 1139 est.

125 1152 190 1194 23.
223 1152 327 1194 Tibi
346 1152 466 1195 Deus
489 1158 670 1209 pat-rum
694 1158 950 1195 nostrorum
970 1155 1196 1205 confiteor,
1217 1158 1351 1209 teque
1367 1153 1523 1196 laudo:
1556 1154 1666 1210 quia
1687 1154 1975 1210 sapientiam,

125 1215 169 1252 et
190 1210 505 1266 fortitudinem
529 1211 692 1253 dedisti
715 1211 852 1253 mihi:
885 1216 928 1254 et
950 1226 1075 1253 nunc
1095 1212 1330 1253 ostendisti
1353 1212 1470 1254 mihi
1493 1226 1611 1268 quae
1632 1213 1896 1267 rogavimus
1917 1217 1974 1265 te,

125 1268 236 1324 quia
257 1283 511 1311 sermonem
535 1269 650 1325 regis
671 1270 887 1325 aperuisti
911 1269 1052 1312 nobis.
1115 1270 1180 1311 24.
1214 1269 1318 1312 Post
1340 1269 1449 1312 haec
1476 1269 1636 1312 Daniel
1659 1270 1886 1325 ingressus
1913 1269 1974 1313 ad

126 1326 311 1378 Arioch,
344 1341 479 1382 quem
519 1328 813 1370 constituerat
847 1342 925 1370 rex
961 1333 1011 1370 ut
1043 1327 1246 1384 perderet
1281 1328 1504 1383 sapientes
1538 1327 1800 1383 Babylonis,
1833 1328 1897 1371 sic
1931 1328 1974 1371 ei

127 1383 304 1426 locutus
339 1390 422 1427 est:
455 1385 687 1440 Sapientes
722 1385 971 1441 Babylonis
1006 1400 1062 1428 ne
1096 1386 1275 1441 perdas:
1307 1386 1519 1428 introduc
1553 1400 1626 1428 me
1662 1386 1710 1428 in
1733 1390 1975 1442 conspectu

127 1443 257 1497 regis,
289 1447 333 1485 et
363 1443 637 1486 solutionem
671 1444 764 1499 regi
796 1444 1001 1486 narrabo.
1064 1445 1130 1486 25.
1162 1444 1293 1486 Tunc
1317 1444 1485 1486 Arioch
1507 1444 1696 1486 festinus
1718 1443 1976 1487 introduxit

128 1500 367 1543 Danielem
390 1501 447 1543 ad
472 1516 634 1556 regem,
662 1507 703 1544 et
725 1502 844 1544 dixit
865 1502 925 1544 ei:
959 1501 1122 1544 Inveni
1148 1502 1384 1544 hominem
1408 1502 1463 1545 sle
1485 1502 1591 1544 filiis
1614 1502 1975 1558 transmigratio-

128 1559 201 1600 nis
232 1558 368 1610 ·Juda,
401 1559 480 1614 qui
515 1559 786 1602 solutionem
822 1560 913 1616 regi
949 1561 1206 1603 annuntiet.
1270 1561 1335 1602 26.
1368 1560 1620 1616 Respondit
1654 1575 1746 1611 rex,
1779 1565 1823 1602 et
1855 1560 1976 1603 dixit

131 1616 327 1668 Danieli,
360 1618 487 1672 cujus
521 1632 687 1660 nomen
722 1623 817 1660 erat
839 1618 1084 1660 Baltassar:
1117 1618 1315 1661 Putasne
1349 1632 1452 1660 vere
1486 1624 1610 1674 potes
1632 1618 1749 1660 mihi
1772 1618 1976 1661 indicare

127 1675 373 1726 somnium,
391 1675 512 1731 quod
532 1676 642 1727 vidi,
660 1681 700 1718 et
719 1677 1140 1732 interpretationem
1158 1677 1282 1732 ejus?
1343 1676 1409 1720 27.
1442 1676 1500 1718 Et
1517 1676 1792 1732 respondens
1809 1676 1975 1719 Daniel

128 1747 278 1775 coram
299 1748 413 1788 rege,
447 1734 528 1776 ait:
562 1734 845 1790 Mysterium,
868 1735 988 1790 quod
1009 1749 1088 1777 rex
1105 1735 1367 1790 interrogat,
1400 1734 1636 1790 sapientes,
1670 1734 1807 1789 magi,
1829 1733 1976 1785 arioli,

127 1796 171 1833 et
192 1790 455 1847 aruspices²¹
488 1797 722 1847 nequeunt
744 1793 946 1835 indicare
968 1792 1074 1847 regi.
1136 1793 1203 1835 23.
1234 1793 1320 1835 Sed
1342 1797 1408 1835 est
1426 1792 1546 1835 Deus
1563 1792 1611 1834 in
1630 1792 1752 1834 03610
1769 1791 1976 1835 revelans

129 1850 357 1903 mysteria,
391 1849 471 1905 qui
505 1850 729 1892 indicavit
761 1851 845 1892 tibi
877 1866 955 1892 rex
980 1850 1409 1902 Nabuchodonosor,
1443 1865 1560 1906 quae
1581 1856 1775 1893 ventura
1796 1850 1976 1893 suntin

129 1904 390 1949 novissimis
412 1908 741 1963 temporibus.25
799 1909 1041 1951 Somnium
1064 1914 1211 1961 tuum,
1233 1914 1276 1951 et
1293 1909 1488 1951 visiones
1505 1908 1664 1965 capitis
1681 1909 1747 1950 tui
1766 1908 1815 1950 in
1833 1907 1977 1951 cubili

128 1969 208 2006 tuo
241 1964 553 2020 hujuscemodi
590 1971 715 2008 sunt:
778 1967 844 2008 29.
876 1967 945 2009 Tu
980 1982 1059 2009 rex
1081 1967 1278 2023 cogitare
1299 1967 1481 2022 coepisti
1505 1967 1552 2008 in
1576 1971 1714 2009 strato
1735 1971 1827 2018 tuo,
1860 1965 1975 2022 quid

127 2027 240 2065 esset
256 2024 461 2065 futurum
482 2028 580 2079 post
596 2024 724 2066 haec:
742 2029 785 2066 et
802 2025 881 2080 qui
899 2024 1070 2067 revelat
1087 2025 1315 2081 mysteria,
1332 2025 1529 2067 ostendit
1544 2024 1628 2067 tibi
1647 2038 1764 2080 quae
1780 2030 1977 2067 ventura.

128 2084 247 2122 sunt.
308 2081 376 2123 30.
409 2081 524 2123 Mihi
560 2096 741 2138 quoque
775 2097 866 2124 non
902 2083 950 2124 in
979 2084 1215 2138 sapientia,
1248 2097 1365 2139 quae
1387 2083 1520 2125 estin
1543 2097 1616 2125 me
1637 2082 1740 2139 plus
1761 2096 1900 2138 quam
1924 2081 1976 2124 in

129 2138 305 2181 cunctis
326 2139 601 2192 viventibus,
633 2145 968 2182 sacramentum
993 2141 1076 2183 hoc
1099 2141 1349 2183 revelatum
1374 2146 1454 2183 est:
1489 2140 1566 2183 sed
1589 2146 1640 2182 ut
1661 2139 1975 2196 interpretatio

130 2197 223 2252 regi
247 2197 488 2240 manifesta
510 2198 647 2250 fieret,
669 2203 712 2241 et
732 2199 1024 2254 cogitationes
1048 2200 1212 2241 mentis
1234 2204 1338 2241 tuae
1359 2199 1503 2241 scires.
1565 2199 1631 2241 31.
1664 2199 1733 2240 Tu
1757 2212 1836 2240 rex
1852 2197 1976 2240 vide-

129 2254 222 2305 baS‚
255 2259 297 2297 et
331 2269 428 2297 6006
450 2256 579 2311 quasi
603 2261 750 2298 statua
775 2270 867 2298 una
887 2257 1094 2311 grandis:
1125 2262 1275 2299 statua
1298 2257 1378 2298 illa
1400 2271 1581 2309 magna,
1615 2261 1658 2298 et
1678 2260 1851 2299 statura
1872 2254 1976 2298 sub-

128 2312 292 2355 limis²⁰
335 2313 483 2356 stabat
519 2319 676 2356 contra
711 2319 766 2366 te,
803 2319 845 2356 et
881 2315 1076 2356 intuitus
1112 2315 1206 2369 ejus
1243 2321 1338 2356 erat
1374 2313 1639 2356 16111111113.27
1710 2315 1777 2356 32.
1821 2313 1975 2369 Hujus

127 2376 302 2413 statuae
324 2377 461 2427 caput
493 2386 549 2414 ex
582 2386 692 2414 auro
726 2372 898 2427 optimo
933 2377 1039 2423 erat,
1074 2377 1227 2427 pectus
1248 2378 1400 2414 autem
1424 2376 1467 2414 et
1489 2371 1677 2413 brachia
1698 2372 1753 2414 de
1774 2375 1975 2427 argento,

128 2442 260 2483 porro
278 2436 447 2481 venter,
465 2435 507 2472 et
524 2430 694 2472 femora
711 2444 766 2472 ex
783 2445 903 2479 aere;
937 2430 1003 2472 33.
1036 2430 1174 2472 tibiae
1191 2435 1342 2472 31116111
1363 2430 1542 2481 ferreae,
1559 2429 1728 2485 pedum
1746 2429 1975 2484 quaedam

127 2500 232 2541 pars
249 2492 344 2529 erat
360 2488 513 2539 ferrea,
536 2488 761 2544 quaedam
780 2493 930 2530 autem
952 2487 1114 2530 fictilis.
1175 2489 1242 2529 34.
1276 2487 1475 2530 Videbas
1493 2487 1569 2537 ita,
1591 2487 1733 2529 donec
1750 2487 1975 2529 abscissus

128 2550 194 2586 est
227 2544 342 2600 lapis
375 2545 430 2587 de
465 2545 656 2588 rnonte²³
685 2546 783 2588 sine
806 2546 1038 2588 manibus:
1071 2550 1114 2588 et
1136 2546 1354 2601 percussit
1374 2550 1570 2587 statuam
1594 2545 1643 2586 in
1667 2544 1858 2600 pedibus
1880 2544 1974 2599 ers

129 2602 295 2653 ferreis,
327 2608 371 2645 et
404 2604 633 2656 fictilibus,
665 2609 709 2646 et
742 2603 1017 2646 comminuit·
1050 2618 1133 2646 eos.
1195 2604 1262 2645 35.
1295 2603 1424 2644 Tunc
1458 2603 1652 2644 cont-rita
1673 2606 1780 2644 sunt
1805 2602 1975 2658 pariter

129 2660 314 2711 serrum,
348 2666 472 2712 testa,
506 2676 591 2713 363,
624 2666 880 2717 argentum,
913 2666 956 2704 et
989 2675 1167 2712 aurum,
1203 2666 1245 2703 et
1278 2661 1457 2702 redacta
1492 2660 1621 2716 quasi
1656 2660 1703 2702 in
1727 2658 1975 2702 favillam²⁹

129 2718 325 2761 aestivae
357 2734 498 2771 areae,
532 2734 649 2775 quae
682 2725 811 2776 rapta
832 2725 941 2761 sunt
963 2725 1114 2762 vento:
1149 2719 1397 2774 nullusque
1420 2718 1543 2760 locus
1565 2718 1781 2761 inventus
1803 2722 1868 2761 631
1888 2717 1972 2760 613;

129 2775 245 2832 lapis
277 2782 444 2828 autem,
467 2778 545 2831 qui
570 2781 846 2834 percusserat
879 2782 1090 2827 statuam,
1112 2778 1255 2819 factus
1277 2782 1341 2818 est
1363 2790 1493 2818 mons
1516 2790 1724 2831 magnus,
1752 2780 1796 2819 et
1816 2774 1975 2831 implo-

128 2835 198 2876 vit
219 2834 480 2877 universam
503 2841 691 2886 terram;
752 2837 819 2878 36.
853 2835 938 2878 hoc
959 2840 1024 2877 est
1045 2835 1295 2877 somnium:
1329 2835 1758 2890 Interpretationem
1791 2847 1975 2889 quoque

128 2892 224 2947 ejus
241 2892 444 2935 dicemus
461 2907 610 2935 coram
630 2898 684 2946 te,
707 2908 798 2936 rex.
841 2894 909 2937 37.
942 2893 1012 2935 Tu
1031 2907 1109 2935 rex
1127 2907 1284 2948 regum
1304 2892 1406 2934 63;30
1426 2898 1469 2934 61
1489 2892 1608 2934 Deus
1625 2891 1749 2944 caeli,
1766 2904 1975 2947 regnum,

129 2955 174 2991 et
206 2950 536 3002 fortitudinem,
569 2956 612 2993 et
645 2952 905 3007 imperium,
939 2955 982 2994 et
1014 2951 1207 3006 gloriam
1243 2950 1369 2992 dedit
1402 2950 1507 2992 tibi:
1569 2950 1636 2992 38.
1669 2955 1712 2992 et
1732 2949 1902 3000 omnia,
1923 2948 1975 2990 in

129 3007 298 3062 quibus
331 3008 577 3051 113111131113ι
609 3009 693 3052 filii
729 3010 986 3061 hominum,
1019 3014 1062 3051 et
1083 3008 1249 3050 bestiae
1271 3009 1387 3063 agri:
1421 3007 1626 3050 volucres
1647 3021 1828 3063 quoque
1861 3005 1974 3048 caeli

130 3065 257 3107 dedit
293 3066 340 3107 in
380 3081 520 3109 manu
558 3071 650 3118 tua,
687 3073 729 3110 et
764 3067 848 3110 sub
882 3067 1055 3109 ditione
1088 3071 1168 3108 tua
1200 3067 1415 3108 universa
1446 3065 1698 3108 constituiti
1731 3070 1781 3108 tu
1803 3079 1848 3107 63
1869 3077 1974 3118 ergo

131 3127 266 3179 caput
303 3124 549 3169 aureum.³²
609 3126 675 3168 39.
720 3125 779 3168 Et
814 3131 913 3182 post
948 3130 991 3168 te
1027 3128 1266 3180 consurget
1302 3137 1494 3180 regnum
1532 3121 1700 3166 aliud³³
1741 3122 1895 3165 minus
1930 3124 1974 3164 16
