2083 3462
1857 147 1933 185 831

91 269 245 326 itaque
277 269 439 312 Judaei
465 269 701 312 Nicanoris
734 270 949 323 adventu,
978 276 1021 315 et
1042 276 1268 315 conventu
1292 273 1547 325 nationum,
1570 275 1792 330 conspersi
1817 279 1936 319 terra

91 327 313 383 rogabant
348 342 466 379 eum,
501 328 579 383 qui
605 329 825 384 populum
860 344 993 372 suum
1025 331 1257 373 constituit
1281 337 1332 373 ut
1354 333 1400 373 in
1419 337 1652 374 aeternum
1678 333 1934 386 custodiret,

91 386 264 442 quique
298 399 424 427 suam
470 386 720 441 portionem
760 387 902 442 signis
935 388 1225 431 evidentibus
1260 389 1502 445 protegit.¹⁴
1564 392 1629 432 145.
1675 391 1935 446 Imperante

90 447 243 486 autem
298 442 462 492 duce,¹·'¹
511 444 665 485 statim
707 444 814 486 inde
855 451 1110 497 moverunt,
1151 453 1553 503 conveneruntque
1595 447 1650 492 ad
1695 448 1934 491 castellum

91 499 312 544 Dessau.¹⁶
373 502 437 543 17.
469 500 626 542 Simon
663 516 767 544 vero
802 503 937 545 frater
965 504 1111 546 Judae
1148 505 1434 547 commiserat
1456 520 1557 547 cum
1586 506 1825 548 Nicanore:
1858 507 1935 551 sed

90 559 358 601 conterritus
381 557 480 600 est¹⁷
514 560 748 614 repentino
771 560 971 603 adventu
995 562 1372 604 adversariorum.
1436 565 1499 605 18.
1535 563 1733 606 Nicanor
1767 570 1935 614 tamen,

88 615 281 659 audiens
312 616 527 658 virtutem
567 618 785 659 comitum
822 619 982 670 Judae,
1016 624 1058 662 et
1101 620 1242 662 animi
1280 621 1661 673 magnitudinem,
1693 637 1830 677 quam
1856 637 1936 678 pro

87 674 261 730 patriae
309 674 634 717 certaminibus
680 675 923 728 habebant,
968 678 1190 733 sanguine
1219 678 1448 732 judicium
1486 680 1628 721 facere
1660 679 1940 723 metuebat.¹8

90 733 157 774 19.
189 732 339 783 Quam
362 731 418 773 ob
442 746 533 774 rem
559 733 793 788 praemisit
817 734 1127 785 Posidonium,
1150 740 1192 778 et
1214 736 1532 787 Theodotium‚
1550 742 1592 779 et
1610 737 1868 789 Matthia1n‚
1888 742 1938 780 ut

90 789 251 833 darent
274 790 455 832 dextras
477 795 613 845 atque
650 787 916 846 acciperent.
979 794 1044 835 20.
1079 793 1136 835 Et
1165 808 1267 835 cum
1293 794 1370 836 diu
1395 794 1449 836 de
1474 794 1543 837 his
1565 795 1805 837 consilium
1839 810 1939 850 age-

89 853 226 899 retur,
249 853 291 889 et
312 848 405 903 ipse
429 848 522 889 dux
546 848 603 890 ad
628 849 973 892 multitudinem
999 851 1234 902 retulisset,
1258 852 1466 893 oninium
1491 867 1582 894 una
1604 853 1691 894 fuit
1712 854 1938 896 sententia

89 906 304 949 amicitiis
337 920 551 948 annuere.
614 908 679 949 21.
713 908 873 963 Itaque
908 909 1029 950 diem
1065 909 1411 961 constituerunt,
1446 924 1537 965 qua
1566 915 1731 952 secreto
1755 911 1872 953 inter
1894 926 1939 954 se

89 962 333 1019 agerent:¹⁹
375 968 418 1005 et
454 964 649 1018 singulis
681 965 855 1007 sellae2⁰
886 966 1086 1022 prolatae
1120 972 1239 1018 sunt,
1273 972 1316 1009 et
1350 968 1531 1022 positae.
1594 969 1660 1010 22.
1706 969 1939 1024 Praecepit

89 1026 240 1064 aut-em
264 1021 408 1064 Judas
443 1026 640 1064 armatos
662 1037 753 1064 esse
775 1022 883 1065 locis
905 1025 1185 1079 opportunis
1214 1040 1269 1067 ne
1300 1026 1408 1067 forte
1437 1025 1493 1067 ab
1523 1026 1726 1067 hostibus
1759 1032 1940 1082 repente

87 1078 197 1121 mali
213 1078 392 1135 aliquid
407 1080 618 1121 oriretur:
643 1085 685 1122 et
699 1095 953 1136 congruum
969 1081 1249 1137 colloquium
1266 1082 1514 1125 fecerunt.2¹
1561 1084 1643 1127 23.
1676 1084 1939 1126 Morabatur

88 1141 241 1180 autem
267 1137 466 1179 Nicanor
487 1137 794 1192 Jerosolymis,
816 1139 1029 1195 nihilque
1053 1140 1211 1194 inique
1227 1140 1399 1195 agebat,
1421 1156 1667 1196 gregesque
1685 1142 1939 1194 turbarum,

88 1208 207 1251 quae
228 1201 525 1250 congregatae
548 1197 740 1248 fuerant,
763 1196 950 1239 dimisit.
1014 1198 1079 1239 24.
1112 1198 1322 1240 Habebat
1347 1204 1499 1240 autem
1510 1198 1539 1222 ²²
1569 1199 1594 1241 J
1602 1199 1739 1243 udam
1762 1215 1939 1255 semper

89 1253 279 1296 charum
304 1268 358 1295 ex
381 1254 550 1305 animo,
573 1260 614 1296 et
637 1259 733 1296 erat
755 1255 852 1297 viro
875 1255 1135 1297 inclinatus.
1199 1257 1263 1298 25.
1297 1256 1622 1312 Rogavitque²³
1654 1272 1755 1299 eum
1777 1258 1940 1301 ducere

87 1325 292 1363 uxorem,
315 1311 522 1367 filiosque
555 1326 798 1367 procreare.
862 1313 1056 1369 Nuptias
1078 1314 1199 1356 fecit:
1233 1314 1384 1369 quiete
1418 1316 1521 1369 egit,
1544 1316 1940 1371 communiterque

87 1368 356 1412 vivebant.²⁴
419 1370 484 1412 26.
518 1370 725 1412 Alcimus
758 1375 925 1422 autem,
960 1371 1120 1414 videns
1155 1372 1421 1414 charitatem
1454 1372 1638 1414 illorum
1663 1373 1938 1426 adinvicem,

88 1432 132 1470 et
153 1428 488 1478 conventiones,
511 1428 638 1470 venit
659 1428 715 1470 ad
741 1429 1038 1481 Demetrium,
1062 1436 1104 1471 et
1121 1429 1311 1479 dicebat,
1336 1430 1604 1472 Nicanorem
1626 1431 1758 1473 rebus
1775 1431 1938 1473 alienis

87 1485 356 1535 assentire,25
385 1485 649 1541 Judamque
683 1487 811 1541 regni
846 1487 1159 1530 insidiatorem
1195 1502 1492 1530 successorem
1527 1489 1610 1530 sibi
1643 1488 1940 1532 destinasse.²⁶

88 1543 156 1586 27.
189 1543 350 1599 Itaque
384 1558 462 1585 rex
496 1550 801 1599 exaspe1·atuS‚
835 1549 877 1586 et
910 1546 1116 1600 pessimis
1139 1545 1275 1601 hujus
1298 1546 1697 1588 criminationibus
1720 1547 1939 1600 irritatus,

87 1601 266 1656 scripsit
301 1601 529 1649 Nicanori,
564 1602 730 1653 dicens,
764 1603 965 1657 graviter
1001 1603 1187 1659 quidem
1216 1619 1260 1646 se
1284 1604 1395 1646 ferre
1418 1604 1472 1646 de
1494 1604 1722 1647 amicitiae
1744 1619 1937 1647 conven-

87 1658 223 1711 tione,
252 1659 411 1713 jubere
448 1664 600 1702 tamen
639 1660 970 1703 Machabaeum
1008 1662 1141 1703 citius
1177 1662 1384 1705 vinctum
1420 1663 1597 1704 mittere
1629 1662 1936 1705 Antiochiam.

88 1717 155 1759 28.
187 1716 365 1768 Quibus
393 1718 597 1772 cognitis,
632 1718 833 1760 Nicanor
865 1719 1252 1772 consternabatur,
1287 1725 1329 1762 et
1361 1721 1560 1775 graviter
1593 1720 1774 1772 ferebat,
1809 1721 1843 1762 si
1873 1735 1940 1772 ea,

87 1788 204 1830 quae
226 1780 546 1823 convenerant,
565 1776 694 1818 irrita
714 1777 890 1827 faceret,
913 1777 1032 1820 nihil
1066 1777 1211 1819 laesus
1233 1792 1258 1820 a
1282 1777 1439 1830 viro;²⁷
1501 1779 1566 1820 29.
1598 1778 1687 1829 sed,
1710 1779 1819 1833 quia
1842 1779 1936 1834 regi

86 1832 290 1875 resistere
322 1848 415 1875 non
439 1838 625 1889 poterat,
658 1835 1046 1889 opportunitatem
1082 1835 1361 1886 observabat,
1395 1850 1486 1891 qua
1520 1841 1807 1891 praeceptum
1840 1851 1939 1891 per-

87 1890 288 1934 ficeret²³
348 1893 414 1934 30.
446 1892 507 1933 At
545 1892 862 1944 Machabaeus,
885 1893 1045 1935 videns
1074 1908 1225 1935 secum
1250 1894 1472 1935 austerius
1495 1909 1625 1949 agere
1649 1894 1936 1946 Nicanorem,

86 1953 131 1991 et
151 1953 415 1992 consuetum
439 1964 673 1992 occursum
698 1951 889 1993 ferocius
910 1951 1217 2001 exhibentem,
1235 1952 1496 2006 intelligens
1513 1966 1601 1994 non
1625 1967 1679 1995 ex
1703 1951 1820 1993 bono
1843 1967 1933 1994 esse

87 2006 394 2049 austeritatem
431 2007 579 2060 istam,
613 2009 768 2063 paucis
790 2023 975 2053 suorum
1000 2010 1294 2065 congregatis,
1318 2009 1562 2052 occultavit
1583 2024 1627 2051 se
1649 2024 1674 2051 a
1698 2009 1934 2052 Nicanore.

87 2064 155 2107 31.
187 2065 318 2116 Quod
353 2080 457 2108 cum
492 2066 569 2108 ille
603 2067 816 2121 cognovit
856 2067 1029 2111 sortiter
1061 2082 1105 2109 se
1139 2082 1164 2109 a
1200 2068 1299 2110 viro
1333 2067 1685 2122 praeventu1n,2⁹
1716 2068 1841 2110 venit
1875 2067 1932 2109 ad

86 2122 347 2165 maximum
389 2128 432 2165 et
472 2124 810 2166 sanctissimum
853 2125 1097 2180 templum:
1142 2129 1185 2167 et
1225 2125 1530 2167 sacerdotibus
1572 2125 1724 2167 solitas
1766 2125 1933 2167 hostias

85 2180 391 2233 offerentibus,
418 2182 553 2236 jussit
586 2181 671 2224 sibi
707 2182 825 2226 tradi
856 2183 1028 2225 virum:
1091 2184 1157 2225 32.
1190 2183 1356 2238 quibus
1379 2198 1481 2225 cum
1500 2183 1761 2238 juramento
1784 2183 1932 2225 dicen-

81 2237 205 2281 tibus
227 2239 397 2281 nescire
418 2254 462 2281 se
484 2239 563 2282 ubi
579 2245 690 2282 esset
707 2241 786 2296 qui
803 2241 1118 2294 quaerebatur,
1136 2241 1385 2283 extendens
1402 2255 1593 2282 manum
1613 2241 1669 2282 ad
1691 2240 1929 2296 templum,

85 2296 153 2339 33.
193 2296 382 2351 juravit,
418 2297 590 2340 dicens:
626 2298 722 2340 Nisi
759 2298 929 2340 Judam
970 2299 1084 2340 mihi
1123 2299 1329 2340 vinctum
1365 2299 1655 2349 tradideritis,
1692 2299 1811 2340 istud
1849 2299 1931 2340 Dei

84 2353 244 2396 fanum
269 2355 314 2396 in
339 2355 577 2411 planitiem
609 2356 844 2405 deducam,
867 2362 909 2398 et
930 2356 1070 2399 altare
1092 2357 1318 2404 effodiam,
1352 2362 1394 2398 et
1416 2356 1636 2412 templum
1663 2356 1746 2399 hoc
1770 2356 1931 2398 Libero

85 2412 204 2468 patri
227 2413 506 2456 consecrabo.
560 2414 626 2456 34.
660 2414 717 2456 Et
739 2414 810 2457 his
833 2415 965 2456 dictis
983 2415 1106 2456 abiit.
1160 2415 1416 2457 Sacerdotes
1439 2421 1590 2456 autem
1616 2414 1932 2471 protendentes

85 2483 251 2512 manus
273 2471 320 2512 in
356 2471 545 2523 caelum,
580 2472 857 2514 invocabant
879 2487 998 2523 eum,
1021 2473 1100 2528 qui
1123 2487 1299 2528 semper
1322 2478 1631 2527 propugnator
1654 2476 1764 2513 esset
1785 2472 1933 2526 gentis

84 2526 302 2583 ipsorum,
325 2528 435 2571 haec
457 2529 674 2572 dicentes:
736 2530 803 2572 35.
836 2530 904 2572 Tu
943 2530 1137 2574 Domine
1160 2531 1492 2580 universorum,
1515 2531 1593 2585 qui
1618 2529 1792 2571 nullius
1815 2529 1933 2570 indi-

84 2599 174 2640 ges,
196 2586 380 2628 voluisti
403 2586 627 2642 templum
652 2587 948 2630 habitationis
971 2592 1075 2630 tuae
1093 2588 1188 2630 fieri
1213 2588 1260 2630 in
1285 2587 1426 2630 nobis.
1464 2588 1531 2629 36.
1566 2588 1619 2631 Et
1639 2601 1762 2630 nunc
1781 2591 1933 2628 sancte

84 2648 345 2686 sanctorum
368 2645 575 2686 omnium
612 2645 820 2697 Domine,
849 2660 1065 2688 conserva
1099 2646 1146 2687 in
1170 2650 1403 2689 aeternum
1428 2645 1715 2700 impollutam
1742 2645 1930 2686 domum

84 2699 233 2753 istam,
255 2716 371 2757 quae
395 2717 539 2757 nuper
561 2703 782 2745 mundata
806 2708 882 2746 est.
943 2704 1009 2747 37.
1043 2703 1203 2745 Razias
1221 2708 1371 2747 autem
1393 2703 1581 2758 quidam
1607 2703 1660 2744 de
1682 2701 1935 2743 senioribus

85 2757 144 2801 ab
165 2758 459 2815 Jerosolymis
479 2760 656 2803 delatus
678 2766 742 2804 est
773 2761 1002 2813 Nicanori,
1025 2761 1096 2802 vir
1117 2766 1292 2804 amator
1309 2760 1518 2811 civitatis,
1537 2766 1579 2802 et
1596 2760 1707 2801 bene
1725 2759 1936 2802 audiens:

86 2816 167 2872 qui
190 2831 269 2872 pro
292 2818 452 2859 affectu
479 2823 603 2873 pater
636 2818 914 2860 Judaeorum
946 2818 1275 2874 appellabatur.
1337 2819 1402 2860 38.
1435 2818 1526 2862 Hic
1548 2817 1704 2859 multis
1726 2816 1935 2872 tempori-

85 2873 172 2916 bus
205 2875 511 2920 continentiae
545 2876 825 2931 propositum
861 2876 1008 2917 tenuit
1042 2876 1089 2916 in
1117 2876 1368 2927 Judaismo,
1391 2889 1640 2930 corpusque
1663 2879 1705 2916 et
1727 2874 1932 2916 animam

86 2932 263 2974 tradere
285 2937 523 2975 contentus
541 2948 620 2988 pro
645 2933 990 2989 perseverantia.
1052 2934 1118 2975 39.
1152 2933 1485 2976 Volensautem
1513 2933 1711 2974 Nicanor
1727 2931 1936 2973 manifes-

86 2992 182 3031 tare
213 2989 388 3040 odium,
422 2991 544 3046 quod
567 2991 763 3033 habebat
786 2991 833 3032 in
868 2990 1077 3041 Judaeos,
1105 2991 1228 3032 misit
1259 2991 1427 3032 milites
1450 2990 1735 3046 quingentos,
1758 2994 1806 3030 ut
1830 3002 1935 3030 eum

86 3047 540 3103 comprehenderent;
601 3049 668 3090 40.
717 3048 907 3104 putabat
935 3048 1073 3097 enim,
1118 3048 1154 3089 si
1190 3048 1322 3089 illum
1358 3048 1613 3103 decepisset,
1646 3061 1690 3088 se
1724 3046 1895 3087 cladem
1911 3044 1940 3067 ³⁰

86 3103 275 3146 Judaeis
299 3105 550 3147 maximam
575 3105 826 3148 illaturum.
868 3106 936 3147 41.
969 3105 1135 3147 Turbis
1150 3105 1488 3147 autemirruere.
1510 3105 1556 3145 in
1583 3104 1768 3145 domum
1794 3101 1939 3157 ejus‚³¹

87 3166 132 3204 et
159 3162 353 3217 Januam
396 3162 691 3218 disrumpere,
727 3168 864 3218 atque
901 3163 1055 3217 ignem
1093 3163 1334 3205 admovere
1368 3162 1668 3217 cupientibus,
1702 3175 1804 3202 cum
1837 3161 1931 3215 jam

88 3219 559 3276 comprehenderetur,
592 3220 745 3277 gladio
778 3234 824 3263 se
857 3219 1046 3276 petiit;³²
1105 3220 1174 3263 42.
1205 3220 1376 3275 eligens
1397 3219 1611 3261 nobiliter
1633 3218 1746 3260 mori
1771 3217 1933 3273 potius,
