2083 3462
1862 119 1936 157 331

791 245 958 313 Caput
1008 247 1233 298 XXVII.

162 381 197 421 1.
217 377 271 420 In
294 375 519 433 principio
536 376 662 432 regni
687 376 893 418 Joakim‘
919 378 999 419 filii
1024 377 1172 422 Josiac
1190 379 1305 433 regis
1322 379 1455 430 Juda‚
1478 379 1644 421 sactum
1671 384 1735 422 est
1753 378 1940 421 verbum

102 435 224 478 istud
258 435 314 478 ad
338 435 584 478 Jeremiam
623 449 646 476 a
671 434 883 485 Domino,
918 435 1089 477 dicens:
1151 438 1188 478 2.
1223 436 1347 478 Haec
1370 437 1480 479 dicit
1502 435 1752 479 Dominus²
1771 437 1825 479 ad
1852 451 1943 479 me:

105 493 194 536 Fac
215 493 298 536 tibi
322 492 521 541 vincula,
543 498 585 534 et
606 491 831 534 catenas:³
852 498 894 534 et
917 507 1053 548 pones
1089 508 1162 535 cas
1193 494 1238 536 in
1264 494 1378 536 collo
1400 500 1489 536 tuo.
1551 496 1588 536 3.
1622 494 1679 536 Et
1702 495 1852 537 mittes
1873 509 1945 536 eas

102 551 159 594 ad
183 565 330 606 regem
358 550 541 601 E‹lom,⁴
577 555 619 592 et
642 564 789 605 regem
816 549 964 601 Moab,
997 558 1040 593 ct
1073 551 1130 593 ad
1154 566 1300 606 regem
1340 552 1536 593 filiorum
1563 554 1777 604 Ammon,
1811 557 1854 595 et
1886 553 1940 594 ad

103 623 252 665 regem
274 608 398 664 Tyri,
432 615 473 651 et
511 607 567 650 ad
604 622 752 663 regem
788 607 988 650 Sidonis:
1025 609 1070 650 in
1108 623 1247 651 manu
1287 610 1569 660 nuntiorum,
1606 611 1682 665 qui
1722 620 1938 652 venerunt

100 665 351 710 Jerusalem
376 666 431 708 ad
457 665 687 708 Sedcciam
713 680 861 720 regem
887 666 1019 707 Juda.
1081 667 1120 708 4.
1155 666 1211 708 Et
1234 668 1477 722 praecipies
1502 668 1563 710 eis
1586 675 1634 709 ut
1657 668 1711 710 ad
1737 668 1944 710 dominos

101 739 204 767 suos
246 724 513 780 loquantur:
563 723 687 766 Ilaec
731 723 841 765 dicit
877 723 1102 765 Dominus
1139 725 1419 766 exercituum
1457 725 1576 766 Deus
1615 726 1771 768 lsrael:
1819 725 1945 768 Hace

101 782 260 825 dicetis
280 782 337 825 ad
362 782 571 824 dominos
594 788 780 824 vestros:
843 782 880 823 5.
914 781 1009 835 Ego
1033 782 1113 823 feci
1139 787 1318 833 terram,
1351 788 1393 824 et.
1416 782 1635 833 homines,
1665 784 1945 838 etjumenta.

101 855 218 896 quae
239 846 347 882 sunt
367 855 501 895 super
524 840 680 882 facien]
707 845 863 889 terrae,
888 839 932 880 in
959 839 1225 882 fortitudine
1255 854 1354 881 nica
1389 855 1568 894 magna,
1602 846 1641 882 ct
1677 841 1724 882 in
1761 841 1945 882 brachio

101 912 202 941 meo
223 904 426 940 extento:
449 904 492 940 et
514 898 617 939 dedi
642 912 738 939 eam
765 898 818 948 ei,
853 897 932 952 qui
957 896 1129 952 placuit
1152 898 1197 938 in
1223 897 1363 939 oculis
1387 898 1508 939 meis.
1571 900 1606 940 (5.
1642 898 1698 940 Et
1721 913 1843 940 nunc
1867 900 1943 940 ita-

101 970 189 1012 que
210 970 291 1012 ego
313 956 415 998 dedi
433 970 588 998 omnes
610 962 750 997 terras
773 955 879 997 istas
901 955 948 996 in
974 969 1114 996 manu
1132 954 1548 997 Nabuchodonosor
1566 957 1681 1009 regis
1698 956 1946 1012 Babylonis

100 1013 218 1056 servi
242 1014 329 1056 mei
345 1013 377 1056 :⁵
398 1014 584 1070 insuper
606 1020 649 1055 et
671 1013 834 1055 bestias
857 1013 953 1068 agri
978 1012 1081 1054 dccli
1106 1013 1144 1054 ei
1168 1019 1219 1055 ut
1240 1013 1439 1055 serviant
1463 1013 1568 1054 illi.⁶
1609 1015 1644 1056 7.
1670 1013 1726 1055 Et
1749 1014 1940 1056 servient

101 1072 139 1114 ei
163 1086 320 1114 omnes
352 1078 520 1127 gentes.
557 1077 599 1113 et
633 1071 727 1113 filio
761 1070 891 1126 ejus,⁷
924 1076 967 1112 ct
1001 1070 1095 1112 filio
1132 1070 1214 1112 filii
1253 1070 1390 1125 ejus:⁸
1423 1070 1563 1113 donec
1595 1072 1748 1113 veniat
1769 1077 1946 1127 tempus

99 1136 244 1172 terrae
265 1131 360 1185 ejus
382 1135 425 1172 et
443 1131 602 1185 ipsius:
626 1135 669 1171 et
697 1130 893 1171 servient
916 1129 954 1169 ei
982 1133 1136 1183 gentes
1156 1129 1338 1179 multae,
1361 1134 1403 1170 et
1420 1143 1542 1183 reges
1561 1129 1729 1182 magni.
1763 1132 1800 1171 ὃ.
1825 1130 1942 1171 Gens

100 1193 252 1231 autem
277 1193 319 1230 et
342 1202 548 1243 regnum,
571 1187 691 1243 quod
717 1202 809 1229 non
832 1187 1038 1229 servierit
1061 1182 1481 1228 Nabuchodonosor
1502 1187 1592 1241 regi
1620 1186 1880 1241 Babylonis,
1902 1199 1938 1228 ct

101 1246 381 1302 quicumque
415 1261 507 1288 non
544 1245 803 1287 curvaverit
839 1245 1005 1287 collum
1044 1259 1176 1286 suum
1213 1244 1297 1286 sub
1313 1245 1424 1299 jugo
1448 1244 1563 1299 regis
1586 1244 1856 1299 Babylonis:
1895 1245 1940 1286 in

100 1303 268 1358 gladio,
290 1311 333 1346 et
354 1305 400 1346 in
426 1305 557 1351 same,
594 1309 637 1346 et
659 1304 704 1345 in
731 1308 850 1359 peste
874 1302 1066 1345 visitabo
1089 1316 1223 1357 super
1245 1307 1425 1357 gentem
1450 1301 1593 1353 illam,
1627 1303 1691 1344 ait
1715 1302 1939 1344 Dominis:

100 1362 243 1404 donec
264 1361 557 1404 001151111101119
577 1376 649 1404 eos
672 1362 719 1403 in
746 1375 887 1403 manu
911 1361 1017 1416 ejus.
1060 1361 1098 1402 9.
1121 1360 1213 1402 Vos
1236 1375 1339 1415 ergo
1363 1359 1502 1401 nolite
1525 1360 1682 1401 audire
1704 1359 1942 1415 prophet-ai<

99 1426 281 1472 vestros,
303 1426 346 1462 et
368 1421 560 1470 divinos,
595 1425 637 1461 et
657 1420 966 1469 somniatores,
1001 1423 1043 1460 et
1064 1433 1271 1473 augures,
1308 1423 1350 1460 et
1372 1417 1609 1468 maleficos,
1680 1418 1758 1473 qui
1784 1417 1938 1460 dicunt

99 1477 247 1520 vobis:
281 1478 381 1520 Non
418 1478 620 1520 servietis
654 1477 745 1532 regi
783 1477 1043 1532 Babylonis.
1107 1478 1172 1518 10.
1205 1476 1324 1527 Quia
1345 1475 1636 1517 mendacium
1669 1475 1934 1531 prophetam

99 1535 247 1578 vobis:
282 1542 333 1578 ut
366 1536 499 1591 longe
533 1550 612 1577 vos
645 1536 815 1577 faciant
849 1535 903 1577 de
936 1540 1055 1577 terra
1077 1539 1236 1584 vestra,
1271 1539 1313 1576 et
1335 1534 1518 1588 ejiciant
1551 1548 1641 1583 vos,
1674 1539 1717 1575 et
1739 1533 1938 1588 pereatis.

99 1596 166 1636 11.
198 1593 337 1636 Porro
359 1609 480 1649 gens,
504 1608 620 1649 quae
642 1593 879 1648 subjecerit
901 1593 1119 1635 cervicem
1143 1607 1270 1634 suam
1308 1591 1391 1633 sub
1408 1592 1519 1646 jugo
1542 1592 1657 1646 regis
1684 1591 1939 1646 Babylonis

100 1658 142 1695 et
163 1653 368 1695 servierit
390 1653 450 1703 ei;
473 1652 703 1693 dimittam
729 1666 825 1693 eam
862 1652 910 1692 111
942 1656 1059 1692 terra
1081 1665 1174 1701 sua,
1209 1649 1319 1691 dicit
1342 1649 1584 1691 Dominus:
1619 1654 1661 1691 et
1694 1648 1804 1691 colet
1827 1663 1940 1691 ean‘i.

99 1716 142 1752 et
163 1709 387 1752 habitabit
417 1710 464 1751 in
503 1724 566 1751 ea.
630 1711 694 1751 12.
729 1710 787 1751 Et
808 1709 864 1751 ad
887 1709 1118 1750 Sedeciam
1145 1722 1293 1761 regem
1319 1707 1440 1750 Juda
1463 1707 1639 1749 locutus
1660 1721 1759 1749 sum
1783 1721 1935 1749 secun·

99 1768 208 1810 dum
233 1768 386 1810 omnia
403 1768 541 1810 verba
562 1767 686 1816 haec,
709 1767 880 1809 dicens:
897 1766 1113 1821 Subjicite
1136 1766 1250 1808 colla.
1267 1771 1413 1808 vestra
1436 1765 1519 1807 sub
1536 1766 1646 1820 jugo
1664 1765 1779 1819 regis
1795 1764 1939 1820 Baby-

98 1825 228 1878 lonis,
250 1831 289 1868 et
314 1827 476 1868 servite
499 1826 551 1876 ei,
574 1831 616 1867 et
638 1825 805 1881 populo
828 1825 934 1879 ejus,
964 1830 1005 1866 et
1027 1823 1237 1866 vivetis.¹¹
1300 1824 1365 1865 13.
1399 1823 1548 1874 Quare
1570 1823 1829 1864 moriemini
1842 1821 1869 1844 ¹²
1890 1832 1934 1864 tu

99 1890 141 1927 et
162 1884 358 1940 populus
391 1889 497 1925 tuus
530 1883 696 1937 gladio,
727 1890 768 1925 et
803 1884 934 1932 fame,
968 1889 1010 1924 et
1043 1888 1176 1937 peste,
1213 1882 1328 1924 sicut
1349 1881 1526 1923 locutus
1547 1887 1611 1923 est
1635 1881 1858 1922 Dominus
1880 1881 1936 1922 ad

97 1948 292 1997 gentem,
314 1957 430 1998 quae
452 1942 619 1984 servire
642 1941 837 1983 noluerit
861 1941 952 1995 regi
978 1940 1254 1995 Babylonis?
1316 1941 1381 1981 14.
1415 1939 1564 1981 Nolite
1586 1939 1743 1980 audire
1755 1937 1781 1960 ¹³
1802 1938 1934 1981 verba

98 2000 422 2056 prophetarum
449 2000 699 2041 dicentium
726 1999 868 2040 vobis:
905 1999 1003 2040 Non
1028 1999 1230 2040 servietis
1265 1998 1356 2051 regi
1382 1997 1647 2052 Babylonis:
1683 1997 1793 2052 quia
1815 2011 1939 2038 men-

99 2058 280 2100 dacium
313 2058 398 2113 ipsi
423 2058 675 2113 loquuntur
698 2057 837 2099 vobis.
900 2057 964 2098 15.
999 2057 1116 2107 Quia
1151 2071 1241 2097 non
1277 2055 1380 2097 misi
1416 2070 1499 2103 eos,
1534 2055 1597 2096 ait
1619 2054 1862 2096 Dominus:
1898 2064 1932 2096 01

97 2116 184 2172 ipsi
206 2115 481 2172 prophetant
514 2116 561 2157 in
598 2115 783 2157 nomine
819 2129 917 2157 meo
941 2114 1237 2156 mendaciter:
1274 2119 1324 2155 ut
1357 2114 1540 2168 ejiciant
1562 2127 1651 2161 vos,
1685 2118 1728 2154 et
1749 2113 1937 2167 pereatis

97 2180 190 2216 tam
216 2188 307 2224 vos,
329 2188 467 2230 quam
492 2173 750 2229 prophetae,
773 2173 850 2228 qui
877 2173 1188 2214 vaticinantur
1212 2171 1349 2213 vobis.
1420 2173 1485 2212 16.
1520 2170 1573 2212 Et
1597 2170 1653 2212 ad
1677 2170 1936 2213 sacerdotes.

97 2237 141 2274 et
161 2231 218 2274 ud
242 2232 461 2288 populum
488 2232 625 2273 istum
653 2231 829 2272 locutus
862 2245 977 2281 sum,
1012 2230 1183 2272 dicens:
1218 2230 1344 2271 Haec.
1377 2229 1489 2270 dicit
1510 2229 1754 2270 Dominus:
1790 2227 1935 2269 Nolite

96 2289 257 2332 audire
293 2290 430 2332 verba
465 2289 788 2345 prophetarum
825 2294 1090 2337 vestrorum,
1125 2288 1203 2343 qui
1240 2287 1514 2343 prophetant
1545 2286 1685 2337 vobis,
1719 2285 1934 2327 dicentes:

99 2347 212 2390 Ecce
234 2362 340 2390 vasa
361 2348 547 2389 Domini
571 2352 853 2389 revertentur
875 2346 930 2388 de
945 2346 1178 2401 Babylone
1196 2360 1319 2387 nunc
1341 2345 1441 2394 cito,
1464 2344 1751 2386 mendacium
1765 2342 1791 2364 ¹⁴
1813 2344 1933 2385 enim

97 2405 371 2462 prophetant
389 2405 527 2447 vobis.
572 2407 636 2448 17.
661 2405 811 2446 Nolite
833 2419 937 2458 ergo
960 2404 1118 2446 audire
1141 2402 1263 2449 eos,¹⁵
1283 2404 1358 2445 sed
1381 2403 1543 2444 servite
1565 2402 1654 2456 regi
1675 2400 1936 2456 Babylonis.

96 2472 148 2506 ut
170 2464 355 2513 vivatis;
379 2478 517 2519 quare
541 2463 675 2505 datur
696 2463 806 2504 haec
829 2462 989 2504 civitas
1011 2462 1057 2504 in
1082 2461 1406 2503 solitudinem?
1457 2462 1520 2501 18.
1554 2459 1611 2501 Et
1633 2459 1667 2501 si
1691 2459 1934 2514 prophetae·

97 2527 216 2572 sunt,
239 2527 282 2564 et
303 2528 367 2564 est
386 2521 574 2563 verbum
596 2521 783 2562 Domini
803 2522 849 2561 in
874 2521 954 2562 eis:
979 2525 1218 2561 occurrant
1233 2519 1430 2560 Domino
1452 2518 1748 2566 exercituum,
1771 2522 1821 2558 ut
1843 2531 1931 2558 non

98 2579 288 2622 veniant
309 2594 428 2630 vasa,
451 2593 566 2634 quae
589 2578 800 2620 derelicta
823 2579 1002 2620 fuerant
1028 2579 1074 2619 in
1099 2578 1234 2619 domo
1258 2576 1458 2626 Domini,
1491 2581 1532 2617 et
1567 2576 1612 2616 in
1649 2575 1783 2616 domo
1820 2574 1934 2628 regis

97 2637 232 2687 Juda‚
269 2643 312 2680 et
344 2638 391 2679 in
427 2636 692 2687 Jerusalem,
726 2637 773 2677 in
810 2635 1104 2691 Babylonem.
1168 2637 1232 2676 ]9.
1266 2635 1383 2685 Quia
1422 2634 1531 2676 haee
1565 2633 1676 2674 dicit
1711 2632 1934 2674 Dominus

97 2695 380 2737 exercituum
404 2695 459 2737 ad
476 2693 762 2744 columnas,¹⁶
783 2700 825 2736 et
847 2694 902 2735 ad
924 2708 1059 2743 mare,
1081 2698 1120 2735 ct
1144 2693 1200 2734 ad
1224 2692 1361 2743 bases,
1383 2697 1425 2733 et
1447 2691 1501 2733 ad
1519 2691 1691 2746 reliqua
1712 2704 1935 2735 vasorum,

99 2767 215 2809 quae
238 2759 554 2795 remanserunt
576 2753 622 2794 in
647 2752 829 2794 civitate
851 2751 954 2793 hac:
1018 2752 1084 2793 20.
1117 2765 1233 2806 quae
1267 2765 1357 2791 non
1392 2749 1498 2790 tulit
1522 2748 1936 2790 Nabuchodonosor

98 2825 178 2853 rex
202 2810 462 2866 Babylonis.
484 2825 586 2852 cum
610 2811 871 2852 transferret
891 2809 1157 2851 Jeclioniam
1192 2808 1337 2849 filium
1363 2807 1543 2849 Joakiin
1570 2821 1717 2861 regem
1741 2805 1862 2848 Juda
1885 2805 1938 2845 (lc

99 2868 350 2911 Jerusalem
376 2870 420 2910 in
444 2868 739 2923 Babylonem,
761 2874 804 2909 et
819 2882 976 2909 omnes
991 2867 1230 2922 optimates
1246 2865 1368 2907 suda
1389 2864 1708 2906 ethrusaleni.
1741 2864 1806 2904 21.
1822 2863 1937 2912 Quia

100 2926 212 2969 haec
234 2926 346 2969 dicit
368 2925 593 2969 Dominus
616 2926 896 2968 exercituum
924 2925 1043 2966 Deus
1067 2924 1203 2966 Israel
1232 2923 1287 2965 ad
1312 2938 1431 2969 vasa,
1465 2937 1580 2977 quae
1603 2920 1815 2963 derelicta
1837 2931 1935 2960 suni

102 2985 150 3026 in
174 2984 309 3027 domo
328 2982 529 3031 Domini,
551 2989 593 3026 et
615 2984 662 3025 in
688 2983 822 3025 domo
841 2983 956 3038 regis
974 2982 1095 3024 ‚Iuda
1118 2988 1161 3023 ct
1177 2980 1449 3022 Jerusalem:
1493 2982 1558 3020 22.
1582 2979 1634 3020 In
1662 2978 1941 3032 Babylona-ni

103 3043 442 3093 transferentur,
464 3048 506 3084 et
521 3041 583 3083 ibi
599 3047 733 3083 erunt
747 3055 890 3096 usque
905 3040 960 3081 ad
978 3040 1098 3081 diem
1117 3039 1390 3080 visitationis
1406 3035 1561 3087 suac,¹⁷
1583 3037 1691 3077 dicit
1711 3035 1945 3078 Dominus.

103 3106 145 3142 et
167 3099 316 3143 afferri
340 3099 502 3142 faciam
527 3114 591 3151 ea,
613 3104 655 3142 et
677 3099 850 3141 restitui
876 3098 921 3139 in
948 3097 1043 3139 loco
1065 3097 1161 3138 isto.

1622 1417 1648 1438 10
