2083 3462
1849 125 1925 164 328

804 256 972 324 Caput
1011 257 1213 309 XXIII.

147 391 182 432 1.
216 387 312 430 Vae
336 385 622 443 pastoribus,¹
645 385 722 442 qui
744 386 1014 442 disperdunt
1034 393 1078 431 et
1098 388 1348 431 dilacerant
1369 403 1547 445 gregem
1574 401 1764 444 pascuae
1787 401 1925 439 meae,

86 447 198 490 dicit
220 446 455 488 Dominus.
517 445 554 486 2.
589 444 696 486 Ideo
719 444 828 486 hacc
851 445 961 486 dicit
985 445 1208 488 Dominus
1233 447 1350 489 Deus
1376 447 1509 488 Israel
1533 446 1586 488 ad
1614 452 1820 502 pastores,
1843 445 1922 501 qui

86 510 276 562 pascunt
299 502 518 559 populum
543 517 716 544 mcum:
752 501 842 543 Vos
864 502 1134 558 dispersistis
1155 519 1333 559 gregem
1359 519 1459 546 meu
1470 519 1525 554 m,
1560 510 1601 546 ct
1623 504 1808 559 ejecistis
1839 517 1924 553 eos,

85 570 128 606 et
161 576 250 604 non
289 561 503 603 visitastis
537 575 630 602 eos:
665 574 762 602 ecce
796 574 876 613 ego
913 560 1268 617 visitabo‘super
1299 577 1375 604 vos
1409 562 1630 603 malitiam
1667 561 1924 603 studiorum

84 626 353 669 vestrorum,
380 618 445 660 ait
467 618 704 660 Dominus.
766 618 803 659 3.
838 617 896 659 Et
928 632 1008 671 ego
1031 620 1310 674 congregabo
1334 620 1549 675 reliquias
1581 620 1728 675 gregis
1752 620 1837 661 mei
1869 619 1924 660 de

84 677 299 720 omnibus
321 676 462 725 terris,
484 675 539 717 ad
565 690 676 730 quas
699 675 864 729 ejecero
887 690 959 718 eos
983 675 1110 717 illuc:
1146 682 1188 718 et
1210 684 1467 719 convertam
1504 673 1663 719 eos'ad
1690 691 1795 719 rura
1822 691 1922 718 sua:

85 741 129 778 et
151 740 349 778 crescent
382 739 424 776 et
447 732 892 789 multiplicabuntur.
953 737 991 775 4.
1026 734 1083 775 Et
1115 735 1339 776 suscitabo
1372 749 1504 790 super
1537 750 1608 777 eos
1632 734 1862 790 pastores,²
1881 744 1925 776 et

85 798 269 850 pascent
290 807 380 834 eos:
405 807 494 833 11011
514 791 828 834 formidalmnt
851 791 983 840 ultra,
1006 797 1048 833 et
1070 806 1159 833 non
1180 792 1428 847 pavebunt:
1453 798 1494 834 ct
1514 792 1667 834 nullus
1682 798 1923 847 quaeretur

85 866 140 894 ex
174 849 403 901 numero,³
435 850 547 892 dicit
582 849 818 891 Dominus.
880 850 917 890 .5.
952 849 1062 891 Ecce
1095 849 1190 892 dies
1224 850 1427 901 veniunt,
1462 850 1571 892 dicit
1607 850 1846 892 Dominus:
1881 855 1925 892 et

85 908 308 951 suscitabo
327 908 475 950 David
499 922 684 961 germen
702 907 878 961 justum
893 907 924 948 :⁴
946 912 988 949 et
1006 907 1214 961 regnabit
1236 922 1326 956 rex,
1349 913 1389 949 ct
1407 908 1582 963 sapiens
1605 909 1706 950 erit:
1730 913 1772 950 et
1793 908 1926 949 faciet

79 967 307 1022 judicium
331 966 608 1021 etjustitiam
634 965 679 1006 in
705 972 833 1007 terra.
875 966 913 1006 6.
939 965 990 1006 111
1016 964 1174 1007 diebus
1197 965 1288 1007 illis
1305 965 1556 1007 salvabitur
1572 965 1704 1013 Juda,
1726 971 1768 1007 et
1786 965 1925 1007 Israel

86 1024 314 1067 habitabit
337 1024 633 1066 confidenter:
672 1028 714 1065 et
737 1023 819 1065 1100
842 1028 905 1065 est
928 1037 1109 1072 nomen,
1143 1023 1263 1078 quod
1291 1023 1515 1065 vocabunt
1548 1037 1665 1073 eum,
1701 1023 1925 1064 Dominus

80 1083 229 1138 justus
252 1081 436 1124 noster.5
497 1083 533 1124 7.
568 1081 754 1137 Propter
777 1081 859 1123 hoc
882 1095 978 1122 ecce
1002 1081 1095 1122 dies
1119 1081 1324 1129 veniunt,
1358 1080 1468 1122 dicit
1494 1081 1726 1131 Dominus,
1762 1086 1803 1122 et
1834 1095 1925 1122 non

86 1141 239 1183 dicent
260 1140 398 1182 ultra:
436 1139 564 1181 Vivit
588 1139 825 1190 Dominus,
855 1139 931 1194 qui
958 1138 1118 1180 eduxit
1151 1139 1266 1180 filios
1290 1138 1425 1180 Israel
1462 1138 1516 1180 dc
1549 1136 1687 1180 Terra.
1710 1139 1924 1194 Aegypti:

87 1201 125 1241 8.
156 1197 261 1240 Sed:
291 1197 417 1240 Vivit
441 1197 678 1247 Dominus,
713 1197 791 1254 qui
829 1197 989 1239 eduxit
1021 1202 1065 1238 et
1098 1196 1294 1238 adduxit
1327 1211 1477 1239 semen
1514 1196 1674 1238 domus
1697 1195 1833 1238 Israel
1871 1196 1926 1238 de

87 1256 223 1298 Terra
247 1255 528 1311 1310111101115,6
550 1261 592 1298 et
614 1255 668 1297 dc
691 1255 864 1296 cunctis
888 1255 1031 1306 terris,
1051 1254 1106 1296 ad
1131 1269 1242 1310 quas
1265 1254 1476 1309 ejeceram
1503 1268 1573 1296 eos
1592 1253 1718 1296 illuc:
1742 1259 1784 1296 et
1800 1253 1926 1295 habi-

87 1314 251 1356 tabunt
272 1314 320 1356 in
343 1319 461 1356 terra
483 1328 575 1355 sua.
618 1315 655 1354 9.
679 1313 748 1354 Α(1
772 1312 1054 1369 prophetas:⁷
1077 1313 1333 1355 Contritum
1358 1318 1420 1354 est
1443 1326 1516 1353 cor
1539 1326 1689 1353 meum
1713 1311 1760 1352 in
1778 1311 1926 1353 medio

86 1372 190 1422 mei,
212 1376 587 1414 contremuerunt
622 1372 778 1413 onmia
814 1385 910 1412 ossa
945 1385 1062 1412 mea:
1098 1371 1240 1413 factus
1274 1385 1373 1412 sum
1410 1370 1537 1425 quasi
1574 1370 1643 1411 vir
1664 1368 1849 1421 ebrius,⁸
1885 1375 1928 1411 et

86 1430 215 1486 quasi
239 1429 376 1472 homo
399 1428 635 1471 madidus⁹
656 1444 682 1471 a
705 1429 825 1478 vino,
847 1443 872 1470 a
895 1429 1005 1470 faeie
1030 1428 1229 1478 Domini,
1253 1434 1294 1470 et
1328 1444 1354 1470 a
1382 1428 1493 1470 facie
1529 1427 1768 1469 verborum
1803 1441 1927 1469 sanc·

87 1494 237 1530 torum
261 1487 405 1544 ejus.¹⁰
468 1489 530 1529 10.
563 1487 681 1538 Quia
704 1486 955 1529 adulteris¹¹
979 1486 1148 1542 repleta
1170 1494 1234 1528 est
1256 1492 1385 1537 terra,
1408 1486 1516 1541 quia
1539 1500 1564 1527 a
1586 1485 1695 1527 facie
1719 1485 1928 1527 maledic-

87 1546 224 1588 tionis
258 1546 379 1588 luxit
410 1551 541 1595 terra,
574 1546 769 1587 arefacta
801 1550 908 1588 sunt-
941 1559 1049 1587 arva
1085 1545 1265 1586 deserti:
1301 1545 1444 1586 factus
1473 1549 1536 1586 est
1557 1541 1749 1585 cursus¹²
1771 1557 1926 1585 eorum

87 1604 334 1646 dissimilis.
348 1602 374 1625 ¹³
435 1606 499 1645 11.
532 1603 758 1659 Propheta
781 1617 981 1659 namque
1015 1608 1057 1645 et
1078 1603 1280 1645 sacerdos
1302 1602 1462 1658 polluti
1488 1607 1612 1643 sunt:
1647 1607 1690 1643 et
1722 1600 1770 1642 in
1793 1601 1928 1642 domo

89 1677 189 1704 mea
211 1662 367 1704 inveni
392 1661 566 1703 malum
586 1676 755 1711 eorum,
778 1662 842 1702 ait
860 1661 1094 1702 Dominus.
1140 1662 1204 1703 12.
1228 1661 1401 1702 Idcirco
1427 1660 1497 1701 via
1521 1673 1676 1702 eorum
1700 1659 1783 1700 erit
1797 1658 1926 1714 quasi

88 1719 315 1763 lubricum
341 1720 389 1761 in
412 1719 627 1762 tenebris:
653 1719 948 1774 impellentur
969 1719 1106 1770 enim,
1129 1723 1171 1761 et
1193 1723 1402 1760 corruent
1426 1718 1471 1759 in
1496 1732 1564 1759 ea:
1595 1717 1778 1759 afferam
1804 1716 1928 1759 enim

87 1792 220 1834 super
253 1792 326 1820 eos
362 1777 496 1829 mala,
529 1792 705 1819 annum
720 1776 744 1798 ¹⁴
778 1777 1051 1819 visitationis
1085 1791 1253 1826 eorum,
1291 1777 1355 1818 ait
1391 1776 1626 1818 Dominus.
1690 1775 1753 1816 13.
1787 1773 1845 1816 Et
1877 1774 1925 1816 in

87 1836 319 1893 prophetis
340 1835 572 1878 Samariae
595 1835 689 1877 vidi
713 1835 987 1877 fatuitatem:
1012 1834 1345 1890 prophetabant
1367 1835 1412 1875 in
1440 1833 1562 1884 Baal,
1585 1838 1626 1874 et
1644 1832 1928 1887 decipiebant

87 1893 309 1950 populum
334 1908 486 1935 meum
504 1893 654 1935 Israel.
698 1894 762 1935 14.
787 1893 844 1934 Et
865 1893 913 1934 in
930 1893 1159 1948 prophetis
1181 1892 1431 1934 Jerusalem
1456 1891 1550 1933 vidi
1574 1889 1925 1932 similitudinem

89 1951 466 2002 adulterantium,
500 1956 542 1993 et
564 1951 648 1993 iter
670 1951 895 1993 mendacii
910 1967 916 1992 :
931 1950 956 1971 '⁵
988 1956 1031 1992 et
1052 1951 1422 1992 confortaverunt
1444 1963 1607 1991 manus
1629 1948 1927 2004 pessimorum

89 2015 139 2052 ut
161 2024 251 2052 non
277 2014 611 2052 converteretur
634 2009 949 2064 unusquisque
970 2023 996 2050 a
1019 2009 1197 2050 malitia
1219 2023 1317 2050 sua:
1353 2008 1456 2049 facti
1494 2012 1600 2048 sunt
1635 2006 1748 2048 mihi
1773 2020 1928 2047 omnes

90 2073 140 2110 ut
160 2068 369 2119 Sodoma,
392 2072 434 2109 et
456 2067 730 2109 habitatores
752 2068 845 2121 ejus
868 2067 995 2122 quasi
1020 2066 1286 2108 Gomorrha.
1339 2067 1402 2107 15.
1426 2066 1662 2120 Propterea
1687 2063 1795 2105 haec
1817 2063 1928 2104 dicit

90 2126 316 2168 Dominus
349 2125 631 2167 exercituum
667 2125 724 2167 ad
759 2124 1017 2180 prophetas:
1053 2124 1165 2166 Ecce
1201 2139 1282 2179 ego
1316 2123 1473 2166 cibabo
1508 2137 1579 2165 eos
1608 2121 1851 2171 absinthio,
1884 2127 1928 2162 et

90 2183 252 2240 potabo
275 2198 347 2225 eos
369 2182 529 2225 felle:¹⁶
550 2198 575 2224 a
599 2182 828 2238 prophetis
857 2183 979 2224 enim
1004 2182 1253 2224 Jerusalem
1279 2196 1452 2236 egressa
1485 2186 1549 2222 est
1571 2179 1760 2235 pollutio
1793 2193 1927 2234 super

89 2256 272 2284 omnem
294 2247 473 2284 terram.
517 2242 582 2282 16.
601 2241 727 2283 Haec
749 2240 859 2283 dicit
879 2241 1102 2282 Dominus
1120 2240 1422 2282 exercituum:
1447 2238 1595 2280 Nolite
1617 2237 1775 2279 audire
1791 2236 1927 2278 verba

89 2299 427 2355 nrophetarum,
449 2299 527 2355 qui
553 2299 827 2355 prophetant
849 2298 989 2349 vobis,
1011 2303 1053 2340 et
1075 2298 1310 2353 decipiunt
1326 2312 1421 2339 vos:
1448 2297 1664 2338 visionem
1691 2294 1835 2336 cordis
1856 2294 1926 2335 su'i

88 2345 355 2413 loquuntur,
392 2371 483 2398 non
518 2357 573 2399 de
605 2371 679 2398 ore
715 2356 913 2400 Domini.
976 2358 1040 2399 17.
1076 2356 1246 2398 Dicunt
1280 2356 1362 2399 his.
1392 2355 1469 2410 qui
1495 2353 1813 2408 blasphemant
1836 2366 1925 2393 me:

89 2415 286 2458 Locutus
307 2420 370 2457 est
395 2415 637 2456 Dominus:
674 2414 765 2457 Pax
790 2415 873 2456 erit
896 2413 1035 2465 vobis,
1057 2419 1099 2456 et
1121 2414 1261 2464 omni,
1295 2413 1373 2469 qui
1398 2412 1603 2454 ambulat
1632 2411 1680 2452 in
1704 2409 1926 2465 pravitate

88 2473 234 2515 cordis
255 2473 338 2525 sui,
360 2473 596 2514 dixerunt:
630 2472 729 2514 Non
756 2472 906 2514 veniet
927 2486 1060 2527 super
1083 2486 1159 2513 vos
1183 2471 1370 2513 malum.
1420 2472 1483 2512 18.
1517 2469 1628 2520 Quis
1650 2469 1771 2510 enim
1795 2467 1926 2508 affuit

89 2531 135 2573 in
160 2531 350 2573 consilio
374 2530 575 2579 Domini,
597 2537 637 2571 et
662 2530 779 2572 vidit.
800 2537 843 2572 et
864 2530 1044 2572 audivit
1066 2543 1317 2571 sermonem
1342 2528 1464 2583 ejus?
1501 2528 1602 2582 quis
1624 2525 1924 2567 consideravit

87 2588 277 2631 verbum
314 2588 439 2630 illius
472 2594 514 2630 et
547 2588 755 2629 audivit?
831 2589 893 2629 19.
940 2588 1052 2629 Eece
1088 2587 1221 2629 turbo
1257 2586 1522 2628 Dominicae
1560 2581 1926 2638 indignationis¹⁷

88 2646 353 2702 egredietur,
376 2652 418 2687 et
431 2651 671 2700 tempestas
688 2660 947 2701 erumpens:
971 2660 1105 2700 super
1119 2644 1514 2700 caputimpiorum
1532 2641 1692 2684 veniet.
1734 2641 1798 2682 20.
1824 2639 1923 2681 Non

90 2709 336 2746 revertet-ur
357 2704 480 2745 furor
499 2704 685 2745 Domini
709 2718 851 2759 usque
874 2703 983 2745 dum
1003 2703 1149 2753 faciat,
1173 2707 1214 2744 et·
1236 2716 1315 2757 usq
1325 2716 1378 2743 ue
1401 2701 1510 2742 dum
1531 2696 1790 2754 compleat¹⁸
1810 2697 1925 2751 cogi—

87 2762 306 2804 tationem
344 2761 490 2803 eordis
523 2762 610 2803 sui:
649 2761 695 2803 in
732 2761 992 2803 novissimis
1026 2760 1185 2802 diebus
1222 2757 1522 2813 intelligetis-¹⁹
1543 2756 1781 2799 consilium
1818 2755 1923 2809 ejus.

89 2821 154 2861 21.
188 2819 289 2861 Non
315 2819 551 2861 mittebam
575 2818 827 2874 prophetas,
850 2824 892 2860 et
915 2818 998 2874 ipsi
1023 2818 1283 2860 currebant:
1319 2831 1409 2858 11011
1435 2815 1650 2870 loquebar
1672 2813 1726 2855 ad
1766 2826 1849 2861 eos,
1883 2818 1925 2853 et

88 2877 173 2933 ipsi
197 2876 542 2932 prophetabant.
605 2877 670 2918 22.
702 2876 747 2918 Si
771 2877 994 2918 stetissent
1005 2875 1032 2897 ²⁰
1053 2876 1100 2917 in
1124 2875 1310 2917 consilio
1334 2872 1481 2923 meo,²¹
1517 2877 1559 2914 et
1594 2877 1698 2913 nota
1720 2870 1924 2912 fecissent

88 2934 225 2976 verba
248 2949 347 2976 mea
369 2934 536 2990 populo
559 2949 671 2983 meo,
693 2933 1006 2983 avertissem‚²²
1027 2934 1185 2989 utique
1208 2947 1279 2975 eos
1300 2946 1326 2974 a
1349 2932 1424 2973 via
1445 2944 1526 2972 sua
1543 2928 1676 2973 mala.
1699 2933 1741 2970 et
1762 2941 1787 2968 a
1809 2926 1924 2981 cogi-

87 2992 336 3034 tationibus
371 2992 463 3034 suis
500 2992 714 3047 pessimis.
780 2993 845 3033 23.
891 2992 1088 3033 Putasne
1123 2991 1243 3032 Deus
1276 3004 1298 3031 e
1332 2989 1483 3030 vicino
1516 3002 1596 3042 ego
1628 2983 1781 3033 sum‚²³
1814 2983 1923 3025 dicit

91 3049 344 3091 Dominus?
365 3055 408 3092 et
430 3063 519 3091 11011
545 3049 665 3092 Deus
687 3049 741 3091 de
764 3049 925 3103 longe?
986 3050 1051 3090 24.
1075 3048 1117 3090 Si
1144 3046 1445 3089 occultabitur
1468 3045 1538 3086 vir
1560 3044 1606 3085 in
1629 3041 1920 3084 absconditis:

88 3112 127 3150 et
150 3121 231 3164 ego
253 3121 344 3150 non
364 3106 526 3149 videbo
549 3121 668 3159 eum,
701 3106 812 3149 dicit
836 3105 1088 3147 Dominus?
1111 3104 1338 3160 numquid
1369 3117 1460 3145 non
1483 3101 1657 3144 caelum
1693 3105 1734 3141 et
1758 3105 1922 3140 terram

365 3177 561 3219 Redinerz
590 3177 635 3220 ᾧ.
655 3177 801 3219 (ἐῴτίᾓ.
821 3176 864 3212 21.
884 3174 1023 3213 z,1[[,
1535 3174 1576 3207 21
